2768 5094
166 382 206 438 re
439 375 625 435 nrsronn
647 353 952 435 recensiones.
1023 376 1228 452 [roscreen

163 525 216 569 sas
232 511 358 569 contra
377 495 488 592 ipsam
505 493 695 593 colligere,
718 509 755 566 et
773 491 923 564 turbatis
940 490 1068 582 rebus,
1091 517 1179 591 quae
1192 491 1228 564 ad

165 617 299 686 rictum
311 629 347 685 et
360 612 528 685 vestitum
539 625 576 683 et
587 636 720 710 agapen
733 636 918 682 serrorum
930 608 993 682 Dei
1006 607 1101 681 datae
1115 624 1227 697 eraut,

163 734 273 831 ipsam
291 731 456 829 allligere.
481 728 548 802 Sed
567 726 745 828 benignus
761 730 878 814 Jesus,
894 727 956 828 qni
975 742 1028 799 est
1041 752 1151 799 verus
1165 728 1228 799 Ec·

161 848 277 921 clesiae
308 874 481 946 sponsus,
507 847 670 947 quamvis
696 847 865 918 saevirent
890 845 934 916 ad
958 843 1226 944 deprimendam

160 965 328 1039 Ecclesiae
344 992 471 1038 navem
483 965 590 1036 maris
605 963 749 1050 lluctus,
768 964 841 1061 ipse
853 961 1070 1036 mirabiliter
1082 964 1226 1036 emicuit

161 1087 197 1156 in
206 1083 392 1182 ereptione
400 1108 562 1169 suorum,
573 1079 847 1179 comprimendo
857 1080 1059 1152 contrarios
1067 1094 1224 1152 conatus

208 1198 305 1292 Quid
332 1198 617 1295 tunctemporis
644 1196 842 1295 contigerit
866 1194 1022 1268 Mabiliae
1042 1193 1224 1269 Willermi

159 1314 335 1386 Talaracii
354 1312 459 1400 filiae,
479 1312 653 1384 veraciter
671 1308 878 1408 explicabo,
902 1308 985 1382 licet
1003 1326 1226 1410 praepostero

158 1430 299 1504 ordine.
326 1432 423 1528 lpsa,
444 1428 531 1500 dum
548 1427 642 1525 apud
659 1428 806 1499 Uticam
825 1427 860 1500 in
881 1428 987 1500 initio
1007 1430 1225 1503 monasticus

157 1547 248 1621 ordo
263 1546 475 1646 regulariter
486 1561 702 1632 servaretur,
721 1559 758 1616 et
771 1543 940 1617 omnibus
954 1544 1225 1620 advenientibus

157 1663 338 1738 eharitatis
356 1664 468 1736 officia
484 1665 543 1761 (ut
560 1660 730 1733 hactenus
749 1659 880 1734 ibidem
897 1689 975 1734 mos
992 1664 1061 1761 est)
1078 1663 1225 1738 exbibe-

156 1801 308 1872 rentur,
336 1798 485 1881 propter
506 1778 653 1865 odium,
672 1775 770 1878 quod
795 1805 876 1879 erga
898 1780 1109 1854 fundatores
1133 1782 1224 1855 illius

156 1896 316 1971 coenobii
331 1894 486 1982 ferebat,
502 1895 621 1994 plures
635 1893 815 1967 molestias
830 1895 997 1993 nequiter
1009 1899 1224 1995 excogitatas

155 2014 269 2087 eidem
286 2014 367 2086 loco
385 2010 574 2085 inserebat.
595 2011 736 2109 Quippe
754 2027 879 2083 contra
897 2010 1110 2086 Geroienses
1125 2031 1222 2113 pater

154 2135 228 2230 ejus
245 2148 280 2204 et
299 2131 390 2228 ipsa,
409 2129 598 2227 omnisque
621 2127 716 2198 illius
736 2129 923 2226 progenies
943 2128 1006 2200 din
1024 2131 1222 2229 perdurans

153 2249 278 2320 odium
309 2246 527 2320 babuerunt.
558 2243 662 2316 Unde
689 2245 774 2345 quia
802 2247 974 2345 Rogerius
999 2247 1044 2321 de
1075 2252 1222 2325 Monte-

154 2365 337 2439 Gomerici
367 2363 423 2433 vir
450 2366 524 2459 ejus
547 2360 744 2434 monachos
770 2361 911 2436 amabat
936 2380 973 2439 et
999 2366 1219 2456 honorabat,

155 2504 220 2552 uec
245 2480 392 2578 ipsa-eis
416 2493 536 2578 aperta
559 2478 694 2549 malitia
716 2504 846 2553 nocere
866 2480 1039 2570 audebat,
1062 2484 1222 2559 crebrius

155 2624 238 2670 cum
261 2595 495 2670 multitudine
515 2597 675 2669 militum
696 2601 796 2698 quasi
820 2600 1022 2698 hospitandi
1042 2605 1157 2703 gratia
1180 2607 1221 2678 ad

155 2716 412 2787 monasterium
432 2711 654 2800 divertebat3
677 2715 798 2815 sicque
816 2716 1028 2805 monachos,
1047 2721 1111 2819 qui
1134 2749 1221 2821 pau·

154 2848 293 2933 pertale
315 2835 352 2905 in
372 2831 483 2905 sterili
503 2859 589 2905 rure
608 2831 870 2934 affligebantur,
893 2834 1075 2934 gravabat.
1097 2837 1219 2931 Qucu-

155 2953 235 3024 ‹lam
255 2979 337 3024 cum
356 2951 487 3024 ibidem
504 2977 587 3023 enm
605 2968 752 3025 centnm
770 2952 945 3024 militibus
965 2954 1219 3054 hospitaretur,

157 3082 194 3138 et
210 3092 228 3137 a
252 3068 389 3141 domno
413 3066 612 3140 Teodericc
626 3066 756 3140 abbate
772 3068 1048 3168 redargueretur
1060 3097 1128 3144 cur
1141 3099 1220 3145 cum

158 3200 254 3255 tanta
268 3181 466 3256 ambitione
480 3183 523 3254 ad
536 3208 707 3282 pauperes
722 3183 924 3257 coenobitas
939 3188 1110 3275 venisset,
1130 3216 1221 3264 caut·

157 3325 229 3399 que
252 3298 463 3372 admoneret
486 3315 529 3370 ut
549 3299 594 3370 ab
620 3298 685 3370 bac
706 3300 856 3373 stultitia
876 3315 1137 3393 seccemere13
1165 3307 1218 3377 illa

159 3416 375 3489 inllammata
386 3415 591 3514 respondit:
606 3418 986 3516 Majoremnumeram
995 3423 1150 3494 militum
1160 3422 1221 3496 ud·

157 3532 292 3604 ducam
300 3532 1094 3632 decaetercquamaddrwi.Adbaecabbasait:
1105 3537 1221 3610 Crede

157 3645 249 3717 milri
268 3675 278 3716 .·
302 3650 377 3718 nisi
395 3646 443 3718 ab
462 3647 533 3719 liae
548 3646 775 3746 improbitate
788 3653 998 3751 resipueris,
1018 3652 1121 3751 quod
1135 3654 1220 3726 nol·

158 3762 209 3832 les
219 3765 383 3860 patieris.
401 3762 507 3854 Quod
524 3779 559 3835 et
578 3764 624 3832 ita
643 3766 808 3864 contigit.
825 3766 916 3839 Nam
934 3769 972 3839 in
990 3767 1219 3869 subsequenti

159 3891 264 3950 nocte
285 3879 400 3975 passio
423 3878 520 3950 illam
545 3881 690 3967 invasit,
716 3897 752 3955 et
775 3882 920 3957 sortiter
943 3912 1070 3960 vexare
1091 3889 1217 3985 coepit.

157 3996 205 4067 Ar
224 3995 280 4066 illa
299 4021 382 4069 mox
408 3995 490 4069 inde
512 4023 583 4069 sese
603 4000 707 4095 jussit
723 4001 855 4073 ellerri.
876 4002 966 4094 Quae
987 4002 1075 4077 dnm
1097 4003 1219 4104 sugere

155 4110 198 4182 de
218 4128 309 4184 terra
333 4114 444 4184 sancti
469 4111 607 4186 Ebrulli
630 4119 754 4190 territa
771 4116 981 4209 festinaret,
998 4137 1033 4193 et
1056 4138 1140 4196 ante
1156 4122 1219 4196 do-
