2768 5094
140 376 260 453 torsi]
496 373 613 436 arsen
634 372 828 451 Quinrus.
1141 377 1201 437 aar

140 492 486 583 iorumcastellum,
514 494 703 569 Raimaiast
720 496 777 593 (1)
800 510 908 594 atque
932 493 1112 568 Sorellum
1129 495 1199 592 (a),

139 611 273 715 linque
286 613 480 713 municipia
494 639 555 686 sua
572 639 640 714 pro
656 611 906 714 depopulanda
918 613 1087 717 Naustria
1104 627 1202 713 pate·

140 729 228 802 ecit.
245 729 337 802 Erat
351 730 449 804 enim
464 756 576 831 gener
588 732 732 831 Rogerii
748 732 909 818 comitis,
930 728 1063 805 babens
1077 731 1115 803 in
1128 757 1203 803 ma·

140 847 310 922 rimonio
323 845 507 920 Mabiiiam
525 849 583 946 (ὅ)
598 873 761 924 sororem
778 836 928 923 liuberti
947 847 1202 940 Belesmensis,

140 964 192 1063 [ui
209 965 307 1065 regis
324 963 440 1037 filium
458 981 598 1039 secutus
614 964 732 1040 fuerat
749 993 831 1039 cum
850 965 1037 1066 Radulpbo
1049 965 1094 1038 de
1107 966 1204 1038 Con·

140 1079 231 1168 this,
251 1080 402 1182 aliisque
417 1081 596 1182 plurimis.
620 1084 735 1158 Pravo
749 1083 884 1184 quippe
900 1108 988 1154 ausu
1005 1082 1203 1155 desertores

140 1203 369 1302 [dete-abite
388 1204 531 1302 nefasi)
549 1206 667 1279 exorsi
685 1223 788 1293 sunt,
807 1222 843 1279 et
860 1204 989 1305 oppida
1007 1202 1206 1304 divitesque

140 1318 271 1394 r'undos
286 1345 355 1420 pro
371 1321 466 1393 inani
485 1347 546 1420 spe
559 1337 596 1394 et
612 1321 795 1423 promissis
809 1318 1112 1421 floccipendendis
1124 1320 1207 1392 reii-

140 1455 311 1539 guerunt.
324 1439 398 1512 Rex
419 1455 540 1513 autem
558 1455 670 1514 terras
693 1465 820 1514 eorum
837 1465 947 1512 manu
969 1439 1116 1538 propria
1138 1436 1205 1509 sibi

140 1553 295 1656 subegit,
310 1555 405 1630 etde
421 1555 621 1631 redditibus
630 1582 756 1631 eorum
768 1555 1020 1655 stipendiarios
1031 1555 1207 1631 dimican-

140 1688 190 1743 tes
204 1686 333 1744 contra
346 1671 489 1745 eosdem
506 1673 765 1746 remuneravit.

187 1788 254 1860 liis
270 1787 495 1863 motionibus
517 1790 645 1864 incolae
664 1805 701 1863 et
721 1790 830 1862 vicini
852 1788 1064 1862 terribiliter
1085 1786 1208 1888 agitati

140 1919 244 1990 sunt,
262 1918 299 1977 et
315 1930 412 1977 arma
427 1907 556 2005 passim
570 1920 697 1979 contra
714 1933 834 2006 regem
851 1905 906 1978 vel
925 1929 995 2005 pro
1014 1930 1096 2003 rege
1116 1902 1210 1976 iera·

140 2038 285 2096 rerunt.
308 2022 400 2096 Galli
420 2040 457 2096 et
475 2025 659 2113 britones,
679 2023 902 2099 cenomanni
926 2039 963 2097 et
978 2021 1210 2122 Andegaven·

140 2166 210 2228 sss,
232 2140 363 2242 aliique
383 2140 508 2240 populi
524 2140 768 2232 fluctuabant,
783 2156 817 2214 et
834 2167 942 2240 qun
959 2139 1090 2212 merito
1108 2138 1208 2237 sequi

140 2254 312 2330 deberent
331 2255 558 2357 ignorabant.
580 2258 686 2331 Bellis
706 2259 825 2358 itaque
842 2258 971 2357 passim
992 2255 1210 2355 insurgenti·

140 2373 208 2447 bus
228 2376 396 2449 cordatus
419 2402 482 2450 rex
503 2377 701 2451 exercitum
721 2377 946 2478 aggregavit,
971 2389 1009 2449 et
1033 2375 1070 2447 in
1093 2373 1212 2449 hostes

140 2518 307 2594 pergens,
324 2520 407 2567 cum
419 2496 583 2569 Rotrone
593 2495 864 2568 Mauritaniensi
876 2494 930 2590 (4)
944 2492 1078 2567 comite
1087 2516 1212 2592 pacem

140 2608 241 2682 secit.
263 2609 329 2682 Hic
349 2610 541 2696 nimirum,
558 2610 645 2682 dum
662 2625 775 2683 tenas
789 2609 1020 2681 carnotensis
1034 2606 1209 2692 ecciesiae,

140 2750 225 2825 quae
237 2739 422 2825 perpetute
440 2725 581 2825 Virgini
601 2726 724 2799 Mariae
739 2722 897 2797 dedicata
911 2739 982 2810 est,
998 2723 1214 2823 pierumque

140 2840 377 2942 predaretur,
395 2857 432 2915 et
452 2840 499 2914 ab
519 2842 688 2941 episcopo
709 2867 793 2913 cum
816 2840 914 2914 ciero
934 2840 1145 2941 frequenter
1161 2837 1213 2913 ob

140 2957 212 3032 boc
237 2958 525 3059 redargueretur,
549 2975 585 3031 et
614 2956 870 3057 incorrigibilis
895 2982 1125 3058 perseverans
1147 2982 1214 3029 ex·

140 3079 487 3162 communicaretur,
515 3077 826 3150 animadversione
854 3076 974 3149 divina
998 3073 1211 3161 obsurduit,

140 3211 178 3267 et
198 3197 249 3267 sic
265 3197 308 3268 ad
327 3212 482 3268 mortem
501 3222 611 3296 usque
632 3195 760 3268 surdus
777 3195 987 3295 permansit.
1010 3195 1085 3267 Rex
1103 3191 1212 3264 Guil-

143 3311 270 3384 ieimus
295 3310 390 3383 bunc
412 3313 531 3412 pretio
552 3312 746 3396 conduxit,
772 3336 966 3410 secumque
988 3309 1032 3381 ad
1052 3305 1215 3382 obsidio-

142 3454 247 3512 nem,
275 3430 358 3527 quia
389 3427 580 3500 Raimalast
607 3427 651 3501 de
677 3427 786 3500 feudo
812 3430 887 3525 ejus
916 3440 1015 3510 erat,
1047 3424 1210 3497 minavit.

143 3547 309 3637 Quatuor
327 3561 438 3617 castra
461 3546 497 3618 in
515 3571 608 3647 gym
622 3543 799 3634 firmavit,
815 3540 934 3644 ibique
951 3542 1082 3615 milites
1098 3538 1142 3613 ad
1159 3567 1215 3612 ar·

193 3824 200 3855 ι
208 3818 217 3871 t
237 3802 383 3856 itemalard
398 3805 508 3869 (Ornet.

179 3898 217 3959 ¹¹¹1)
236 3892 313 3946 soret
327 3898 335 3945 .'
343 3893 549 3957 batert-butt,

184 3976 1215 4051 Qdmmmmmmmmmhmwmwfflfflmwmmufflmr

148 4070 212 4121 md·
237 4070 348 4123 tlatnttc
362 4070 396 4122 ιΙι·
411 4070 537 4123 italicam

184 4160 216 4219 Ἰ,
239 4157 361 4215 ttcumu,
380 4178 493 4230 partun-r
512 4158 548 4210 du
565 4176 644 4221 ιιιιιιι,
657 4166 748 4209 comte
760 4156 794 4208 dt·
810 4156 961 4227 ttmtagnt.
