2768 5094
140 405 259 481 trosr]
425 403 542 467 tisun
562 404 741 470 marrus.
1079 419 1115 477 sr

148 521 287 600 orando
306 548 414 625 qaum
438 524 647 616 scribendo,
668 527 724 602 vel
747 528 814 603 alia
837 529 933 606 bona
955 533 1119 611 faciendo

140 637 306 741 urgebat.
322 641 395 714 Pto
407 639 610 740 hujusmodi
623 642 749 717 studiis
765 673 784 718 a
797 645 1013 748 quibusdam
1025 648 1117 726 blas·

140 757 291 832 sabatur
313 757 520 847 monacbis,
545 761 607 861 qui
633 761 831 838 mundiales
860 792 963 840 eruas
988 766 1119 843 divinit

140 875 314 953 ronebant
327 876 463 951 officiis.
479 875 575 950 Proh
587 875 713 952 dotort
731 879 826 953 unde
840 881 944 956 illum
956 887 1118 959 venerari

140 991 245 1081 bant,
256 990 339 1067 inde
350 994 462 1093 magis
476 991 527 1065 illi
541 992 790 1068 detrahebant.
805 995 982 1072 Dicebant
994 1000 1113 1074 enim:

140 1137 158 1183 s
175 1109 282 1184 Ιιοηιυ
297 1137 372 1183 non
384 1108 491 1183 debet
508 1109 623 1185 abbas
640 1138 736 1200 esse,
756 1114 822 1211 qui
837 1117 1028 1190 exterentes
1050 1145 1118 1190 cu-

140 1228 258 1314 rescr‘t,
276 1226 511 1326 negligitque.
528 1225 633 1298 Unde
644 1229 765 1301 or'vent
776 1246 951 1319 oratores,
965 1233 1001 1304 si
1013 1229 1118 1332 defe-

140 1340 383 1416 rturutones?
415 1343 599 1442 Insipiens
627 1357 681 1415 est
709 1347 772 1442 qui
793 1344 883 1445 plus
913 1348 1055 1447 uppeu't
1081 1354 1118 1421 ire

140 1477 212 1534 stru
230 1460 349 1560 legere
364 1460 425 1532 uel
438 1457 610 1548 scribere,
631 1485 742 1558 quam
759 1460 857 1533 unde
862 1464 1030 1556 fratrum
1047 1471 1120 1539 uio-

140 1576 352 1650 raeltr'beatur
371 1600 586 1677 prucurure.
612 1574 697 1647 llaec
721 1573 840 1675 itaque
860 1592 897 1650 et
918 1577 974 1651 bis
989 1579 1118 1654 similia

140 1720 199 1768 em
219 1690 363 1792 superbi
386 1689 574 1779 dicebant,
597 1706 635 1764 et
655 1716 759 1766 servo
782 1692 848 1765 Uei
873 1692 994 1792 plures
1018 1697 1117 1796 inju-

140 1807 354 1885 inlerebant.
371 1808 440 1882 Sed
456 1806 670 1880 Willermus
687 1806 782 1881 lilius
794 1807 918 1884 Geroii
931 1838 1001 1910 pm
1014 1839 1118 1886 sanc·

140 1954 152 2003 e
175 1932 251 2028 ejus
273 1952 357 2001 eum
381 1951 522 2024 semper
540 1920 775 2012 observabat,
799 1941 835 1997 ct
861 1927 1037 2001 tumultus
1060 1931 1115 2003 in·

140 2047 275 2121 entium
305 2046 423 2144 (quos
450 2040 508 2115 bic
538 2042 727 2115 nominare
751 2042 864 2138 nolo)
894 2049 1112 2143 competenti

140 2163 237 2235 ritate
261 2157 534 2260 compescebat,
561 2172 669 2257 atque
693 2180 762 2256 pro
784 2157 864 2229 viro
890 2157 957 2230 Dei
987 2176 1113 2235 corrtra

140 2306 176 2356 et
191 2279 354 2383 querelas
370 2279 467 2351 intus
483 2291 520 2349 et
537 2273 627 2348 soris
642 2273 830 2347 ratiocinia
849 2291 1018 2375 prompte
1035 2276 1114 2351 red·

140 2413 166 2472 t.
185 2403 269 2472 Post
284 2396 425 2497 aliquot
442 2390 615 2490 temporis
636 2388 807 2489 praelatus
827 2387 933 2464 beros
953 2416 1022 2491 pro
1038 2394 1112 2465 uti·

140 2512 210 2588 bns
228 2511 407 2588 Uticensis
429 2508 586 2584 ecclesiae
610 2507 648 2580 in
671 2506 839 2606 Apuliam
858 2509 911 2582 ire
930 2507 1107 2598 decrevit3

140 2632 311 2719 abeunte,
330 2656 398 2705 nec
413 2624 646 2729 postmodum
661 2624 851 2711 redeunte,
867 2625 925 2697 vir
935 2627 998 2700 Dei
1014 2627 1109 2701 'leo-

140 2780 184 2827 m
205 2750 242 2823 in
265 2745 487 2821 Normannia
503 2741 603 2815 valde
619 2739 795 2815 desolatus
811 2742 996 2815 remansit.

140 2884 195 2945 :nt
211 2865 318 2942 bonis
332 2861 432 2938 valde
446 2859 613 2958 displicet
624 2858 696 2929 vita
712 2855 908 2943 malorum,
922 2858 972 2930 sic
987 2861 1107 2957 pravis

140 2985 206 3060 bns
223 2982 341 3085 gratis
363 3005 436 3053 esse
456 2976 548 3051 solet
569 2974 641 3045 rita
662 2970 859 3046 bonorum.
883 2970 989 3046 Unde
1013 2974 1107 3046 sicut

140 3101 268 3177 divino
283 3097 412 3197 spiritu
429 3089 639 3166 inflammati
656 3112 785 3189 pravos
797 3086 841 3160 ad
852 3086 1105 3164 rectitudinem

140 3224 165 3295 'u
180 3216 297 3291 modis
311 3213 457 3286 student
478 3209 646 3294 incitare,
661 3207 712 3278 sic
729 3205 885 3305 petrosi
905 3203 1103 3281 daemonica

140 3336 262 3434 ‚oritate
281 3329 437 3430 instigati
460 3341 577 3400 rectos
598 3322 643 3396 ad
663 3322 875 3422 pravitatem
896 3320 1105 3423 frequentet·

140 3470 211 3527 itur
232 3452 433 3523 incurrere.
451 3445 500 3517 Et
516 3438 680 3543 quamvis
696 3463 757 3512 eos
773 3463 849 3512 uon
867 3439 1006 3537 possint
1021 3439 1104 3515 lun.

146 3584 401 3673 prosternere,
424 3581 688 3658 nonnunquam
707 3570 825 3628 umen
841 3554 962 3629 solent
980 3583 1041 3632 eos
1065 3559 1101 3633 in

140 3690 177 3765 ei
204 3682 438 3788 perturbare,
464 3674 683 3777 diversisque
703 3670 819 3747 modis
837 3672 999 3750 vexando
1020 3675 1101 3775 ple.

140 3832 189 3881 ue
217 3805 256 3877 iu
283 3799 493 3902 operatione
518 3807 637 3869 sancta
664 3790 837 3866 tardiores
866 3790 1016 3869 efficere.
1043 3793 1103 3867 Sic

140 3952 179 4001 m
200 3920 340 3997 infandi
360 3916 542 4001 homines,
559 3911 648 3986 dum
659 3910 838 3984 Uticensis
854 3910 997 3985 ecclesia
1015 3938 1103 3989 oon·

140 4060 214 4130 ret,
228 4056 267 4115 et
285 4041 321 4111 in
338 4034 444 4112 bonis·
459 4027 629 4131 operibus
644 4043 746 4101 aucta
761 4052 882 4102 coram
896 4027 972 4101 Deo
987 4045 1024 4102 et
1038 4028 1101 4105 bo·

140 4191 188 4239 ns
203 4158 419 4258 etlulgeret,
433 4161 625 4251 ooeperunt
647 4145 757 4217 varim
773 4143 996 4219 simultatum
1014 4172 1101 4220 oau-
