2768 5094
32 390 132 466 [mes
150 386 342 458 sorr-roso]
406 377 524 441 tissa
545 373 739 449 ussurus.
1048 376 1111 436 22³

10 530 17 575 ι
35 495 174 571 fundos
188 496 256 571 sibi
269 497 472 597 antiquitus
484 494 586 568 datos
600 518 619 563 a
634 488 798 564 fidelibus
811 488 956 589 Angiis,
973 491 1111 566 violen-

10 650 17 690 ι
40 629 93 688 ter
110 630 150 687 et
168 617 299 714 injuste
315 612 504 686 abstulerit
522 614 537 709 (
563 612 592 706 ).

10 766 16 794 ι
85 730 291 805 Gausredus
313 756 459 832 quoque
479 727 806 803 constantiniensis
828 727 1038 826 episcopus,
1064 727 1110 802 de

10 884 14 917 t
38 849 156 924 nobiti
184 850 480 931 Nonnannorum
499 847 673 946 progenie
695 860 818 934 ortus,
837 845 899 944 qui
922 846 1110 925 certamini

36 966 205 1039 senlacio
223 965 344 1038 fautor
355 992 436 1039 acer
448 980 486 1037 et
501 962 708 1037 consolator
724 959 908 1049 interfuit,
927 977 963 1033 et
982 962 1020 1033 in
1033 961 1112 1034 aliis

36 1080 295 1167 oontlictibus,
323 1083 387 1181 qui
416 1077 649 1179 postmodum
673 1076 824 1150 advenas
857 1092 894 1149 et
927 1077 1111 1178 indigenas

39 1198 225 1296 utrimque
243 1197 509 1283 contriverant,
535 1194 703 1293 magister
719 1192 877 1264 miiitum
896 1192 966 1263 suit
977 1245 987 1280 ,
1011 1192 1111 1268 dono

38 1315 225 1388 Guittetmi
251 1315 342 1415 regis
365 1314 536 1387 ducentas
559 1326 598 1385 et
618 1311 805 1411 octoginta
827 1309 928 1381 villas
958 1311 1110 1411 (quasa

40 1431 221 1504 manendo
248 1432 426 1505 manerios
452 1429 560 1529 vulgo
587 1429 781 1524 vocamus)
806 1424 993 1514 obtinuit;
1022 1455 1110 1529 quas

39 1574 168 1623 omnes
186 1549 310 1648 nepoti
328 1576 394 1622 suo
409 1549 455 1622 de
473 1546 670 1634 Moibraio,
689 1561 840 1646 propter
857 1547 1054 1647 nequitiam
1073 1562 1110 1621 et

40 1668 281 1741 temeritatem
295 1693 394 1739 suam
408 1693 484 1741 nou
495 1666 557 1739 diu
572 1690 790 1766 possessuro,
810 1665 970 1738 moriens
983 1664 1109 1740 dereli-

39 1785 157 1885 quit(
183 1786 212 1882 ).

90 1897 304 1972 Eustacbios
327 1926 473 2002 quoque
494 1899 721 1972 boloniensis
745 1915 782 1971 et
801 1896 1007 1974 Rodbertus
1029 1901 1112 1976 Mo-

41 2017 259 2108 ritoiiensis,
283 2017 499 2091 Guiiielmus
516 2015 744 2089 Ebroicensis
763 2031 799 2088 et
820 2015 1024 2089 Rodbertus
1037 2018 1111 2091 Au·

42 2136 156 2206 censis
180 2150 287 2233 atque
307 2133 517 2209 Goissredus
542 2133 716 2206 Rotronis
734 2132 828 2205 filius
849 2134 1112 2207 Mauritanien-

42 2253 87 2324 sis
106 2255 184 2348 (3),
201 2253 332 2352 aliique
350 2254 500 2326 comites
514 2267 552 2324 et
568 2253 780 2351 optimates,
795 2276 886 2351 quos
902 2251 1112 2350 singiliatim

43 2371 233 2442 nominare
261 2396 421 2470 nequeo,
456 2396 603 2469 magnos
633 2368 794 2442 redditus
823 2384 860 2442 et
892 2366 1047 2443 bonores
1072 2371 1112 2444 in

42 2485 170 2585 Anglia
190 2502 405 2585 receperunt
422 2513 440 2557 a
457 2512 538 2585 rege
555 2484 764 2560 Guilleimo.
779 2484 839 2557 stc
851 2485 1008 2559 extranei
1025 2483 1114 2558 diri·

43 2601 102 2671 tiis
121 2600 261 2700 Angtiae
277 2598 500 2686 ditabantur,
521 2628 589 2700 pro
606 2597 738 2701 quibus
759 2598 822 2672 filii
847 2602 922 2697 ejus
945 2602 1114 2702 nequiter

44 2716 368 2803 interficiebantur,
387 2717 443 2790 vel
465 2733 626 2791 extorres
653 2744 717 2817 per
743 2732 861 2790 extera
888 2745 995 2819 regua
1021 2720 1115 2794 irre-

43 2831 246 2907 meabititer
265 2832 496 2935 fugabantur.

93 2953 163 3049 ipsi
183 2976 269 3024 vero
292 2952 387 3051 regi,
408 2966 448 3022 ut
470 2950 600 3037 fertur,
628 2949 782 3022 mille'et
808 2952 987 3051 sexaginta
1012 2950 1115 3027 librae

45 3067 239 3140 sterilensis
257 3084 432 3155 monetae,
452 3068 629 3170 solidique
647 3069 793 3166 triginta
809 3083 847 3141 et
865 3086 936 3141 tres
953 3069 1052 3145 oboii
1072 3098 1115 3145 ex

40 3185 146 3281 justis
173 3184 371 3257 redditibus
391 3186 529 3287 dugiiae
549 3215 612 3285 per
629 3186 789 3285 singulos
806 3185 881 3260 dies
898 3186 1113 3279 redduntur,

96 3398 163 3405 ,ι
173 3398 290 3407 ω’.-.
316 3398 849 3407 --—--—------.-.-.---
863 3401 912 3409 —.
932 3403 958 3409 ..ιι
979 3402 1110 3414 --——.

78 3523 88 3563 t
95 3525 117 3588 t)
138 3518 272 3573 lanfranc
287 3519 402 3572 natam:
417 3538 479 3572 arec
493 3519 609 3573 termett'·
621 3517 721 3573 derant
731 3538 786 3573 une
796 3518 944 3574 assemtstee
958 3519 996 3574 du
1008 3527 1113 3591 comte',

45 3610 173 3682 presides
192 3630 240 3684 par
256 3610 396 3675 Geoffroi,
411 3613 514 3684 orique
534 3610 569 3665 de
581 3612 752 3676 Coutances,
767 3610 806 3666 tes
823 3609 966 3667 doruainea
981 3613 1118 3670 ntae-t

45 3721 92 3755 son
108 3701 195 3769 eglise
206 3720 254 3772 par
268 3701 347 3764 odo,
359 3711 388 3754 et
403 3700 435 3755 its
449 3701 487 3755 lui
503 3701 596 3756 snrrnt
609 3699 723 3756 modus.

78 3795 116 3858 ta,
137 3794 147 3841 t
151 3790 260 3845 ieoffroi
271 3789 306 3843 de
317 3790 455 3845 biontbrai
468 3793 626 3859 (crimmum
636 3790 673 3845 du
685 3803 785 3846 canton
797 3790 832 3844 de
843 3790 949 3860 Perti),
966 3792 1070 3867 e'rdqne
1081 3793 1118 3851 de

44 3885 202 3935 (tonnam
215 3900 249 3935 rn
263 3881 329 3935 arrii
348 3882 426 3946 1048,
442 3892 515 3935 niort
530 3879 580 3933 ira
595 3881 695 3935 tes-rin
712 3877 785 3954 ¹⁰93·
801 3879 878 3934 Nous
891 3900 1003 3937 verrom
1014 3882 1116 3939 ebden-

46 3991 110 4024 smrs
128 3984 268 4026 comment
290 3991 338 4024 son
357 3990 443 4026 omeu
466 3970 556 4044 perdit
575 3971 728 4026 i'imnreose
752 3971 877 4042 heringe
899 3973 967 4047 qu'ii
988 3974 1026 4028 lui
1047 3979 1117 4032 erait

46 4064 138 4118 tame.

85 4148 123 4202 ’δ’
142 4149 266 4205 Geoffroi
282 4148 317 4203 dr
333 4152 494 4221 Mortagne.
509 4160 601 4204 comte
614 4148 652 4202 du
668 4149 783 4204 Perrbr.
