2768 5094
882 256 915 313 1

51 383 161 458 [1070]
421 381 537 444 arasa
558 382 752 459 Qusarus.
1064 390 1127 450 aaa

51 500 116 574 lati
133 500 360 601 disciplinam
378 502 636 594 instituebant,
651 521 687 578 et
706 504 947 604 religiositatis
964 509 1126 609 exempla

50 618 321 719 proponebant.
338 620 520 696 Coenobio
538 622 631 696 beati
649 623 745 694 Petri
763 623 1012 722 apostolorum
1028 625 1129 723 prin-

50 737 144 835 cipis
173 735 297 837 (qnod
323 737 526 839 Anglorum
556 741 694 838 primus
722 740 852 814 doctor
880 758 1131 815 construxerat

49 854 300 954 Augustiana)
324 856 481 929 famosus
503 855 610 929 abbas
633 858 780 930 scientia
804 874 841 932 et
862 841 1025 933 bonitate
1046 860 1131 960 pol·

51 969 132 1041 lcns
159 971 327 1069 praelatus
354 989 408 1044 est
436 972 647 1047 Scollandus
674 976 743 1072 (r).
776 974 843 1046 llic
870 1003 912 1047 ex
940 978 1130 1053 nominato

49 1104 241 1162 stemmate
268 1090 306 1161 in
324 1089 548 1162 Normannia
574 1106 699 1177 natus,
720 1091 756 1162 in
783 1092 1129 1166 Monte-Michaelis·

49 1202 679 1304 archangeli-ad-periculusn-maris
701 1207 915 1305 regulariter
937 1208 1129 1298 educatus,

49 1321 96 1393 ad
115 1320 405 1395 emendationem
424 1348 569 1395 morum
588 1321 790 1394 cantuariis
806 1350 825 1394 a
844 1323 1066 1397 Normannis
1078 1343 1132 1399 est

50 1437 238 1536 praelatus.
258 1439 433 1512 Similiter
454 1442 489 1510 in
509 1437 585 1510 aliis
603 1441 830 1513 monasteriis
847 1441 917 1511 cita
938 1441 1132 1541 magistro-

49 1584 138 1628 rum
155 1558 310 1630 mutatio
328 1557 418 1629 facta
437 1572 489 1629 est
499 1610 511 1645 ,
532 1581 614 1655 quas·
631 1554 844 1654 quibusdam
866 1557 963 1629 utilis
984 1574 1021 1630 et
1038 1583 1132 1632 non-

52 1673 165 1745 nullis
177 1674 375 1772 periculosa
391 1687 463 1745 tam
478 1672 656 1771 magistris
669 1696 778 1772 quam
792 1670 945 1744 subditis
959 1672 1051 1746 facta
1063 1689 1129 1747 est.

104 1792 374 1866 cantuariensis
392 1789 578 1876 cathedra,
609 1792 646 1863 in
672 1816 741 1890 qua
766 1789 891 1863 sedens
911 1790 1134 1889 Augustinus
1159 1810 1165 1821 '

50 1908 202 1982 decreto
213 1908 381 2007 Gregorii
401 1935 502 2007 papae
520 1907 666 2006 praesuit
682 1905 854 1980 omnibus
867 1908 1043 2006 episcopis
1056 1909 1133 1981 Bsi-

54 2028 207 2114 tannim,
218 2025 383 2125 deposito
393 2025 568 2125 Stigando
581 2025 722 2098 decreta
734 2041 786 2098 est
796 2025 999 2099 lanfranco
1011 2023 1132 2100 Cado·

53 2145 234 2217 mensium
259 2141 404 2233 abbati,
434 2144 527 2243 regis
551 2159 587 2216 et
617 2143 784 2215 omnium
812 2143 1030 2241 optimatum
1058 2145 1133 2241 ejus

52 2263 222 2337 bersirola
235 2263 423 2336 electione.
445 2263 513 2335 Hic
530 2290 572 2335 ex
592 2259 706 2334 nobili
724 2259 906 2360 parentela
924 2276 1047 2349 ortus,
1067 2261 1132 2335 Pa·

53 2382 125 2480 pite
145 2379 245 2453 urbis
268 2379 378 2453 ltaliae
396 2378 552 2467 civibus,
571 2376 617 2451 ab
635 2379 739 2451 annis
759 2377 922 2450 infantiae
944 2379 981 2449 in
1000 2377 1132 2451 scholis

54 2495 262 2570 liberalium
278 2497 411 2569 artium
428 2495 587 2583 studuit,
605 2510 641 2568 et
659 2494 884 2567 saecularium
904 2494 1023 2593 legum
1037 2495 1134 2595 peri·

53 2617 143 2687 tiam
163 2614 207 2686 atl
229 2616 355 2714 patriae
376 2640 450 2686 suae
470 2640 609 2686 morem
635 2612 839 2685 intentione
864 2612 947 2684 laica
972 2611 1131 2685 fervidus

53 2731 217 2803 edidicit.
244 2729 541 2803 Adolescentnlus
559 2745 685 2803 orator
701 2747 888 2802 ueteranos
906 2729 1132 2802 adversantes

54 2852 92 2922 in
111 2846 315 2920 actionibus
332 2874 518 2920 musarum
536 2847 747 2949 frequenter
764 2847 1027 2947 praecipitarit,
1046 2862 1130 2922 tor-

53 2980 159 3039 rente
179 2964 346 3038 facundia
370 2965 532 3063 apposite
558 2962 713 3037 dicendo
738 2989 839 3036 senes
865 2962 1059 3063 superavit.
1088 2964 1129 3034 ln

55 3087 128 3183 ipsa
148 3099 253 3156 aetate
272 3083 466 3155 sententias
491 3108 658 3180 promere
683 3081 821 3178 sapuit,
841 3059 929 3179 siuas
946 3092 1130 3176 gratanter

53 3202 250 3300 iurisperiti
271 3214 334 3271 aut
354 3199 491 3299 jndices
508 3214 568 3270 aut
591 3215 764 3296 praetores
789 3197 942 3268 ciuitatis
964 3211 1130 3295 accepta-

53 3317 158 3389 bant.
179 3316 226 3386 At
249 3340 332 3386 cum
360 3316 396 3387 in
418 3313 528 3386 exilio
550 3315 650 3386 rclut
672 3311 773 3383 Plato
794 3310 977 3411 quondam
1003 3310 1130 3384 acade-

53 3438 171 3508 micus
198 3431 530 3532 philosopharetur,
561 3432 653 3529 ignis
682 3445 839 3501 aeternus
868 3442 1027 3499 mentam
1054 3430 1129 3524 ejus

55 3552 240 3639 incendit,
259 3569 297 3624 et
317 3577 420 3625 amor
444 3576 538 3621 verre
562 3548 745 3647 sapientiae
769 3545 868 3617 cordi
895 3549 969 3643 ejus
991 3544 1124 3617 illuxit.

91 3897 98 3953 ,‘
106 3908 130 3962 t)
148 3893 188 3944 (Ie
202 3908 373 3963 prmnnsge
385 3892 452 3943 itait
467 3888 608 3961 [mit-ltre-
622 3885 745 3940 ntenrlrrc
758 3882 793 3937 dc
806 3882 829 3936 la
843 3879 945 3936 latntlle
957 3881 1005 3954 qui
1018 3899 1033 3934 s
1047 3880 1127 3936 laissa

52 4003 103 4035 son
120 4002 184 4034 noni
199 4000 233 4034 au
246 3981 336 4049 lnnng
351 3979 386 4032 dc
399 3979 597 4033 l‘ontrrrnrlant
613 4002 616 4008 Α
637 3978 712 4029 Pons
727 3971 880 4027 Scallnndi.
895 3971 917 4024 ll
931 3972 997 4024 etait
1008 3968 1080 4025 abba
1091 3969 1127 4025 dc

51 4073 247 4127 Satnt-l'icm·
258 4071 292 4125 dc
302 4072 476 4141 (Iantrrlinrs
488 4081 566 4123 aiant
586 4087 666 4143 noya,
680 4083 788 4140 rpoqnc
801 4070 815 4117 a
826 4062 943 4137 laquelle·
957 4061 976 4115 il
986 4062 1076 4133 sit-gea
1090 4080 1125 4116 au

51 4166 163 4219 rotwile
174 4163 209 4216 de
225 4164 254 4212 ll
264 4163 461 4217 tuebatur-tl
473 4162 578 4216 induor.
594 4160 616 4215 ll
630 4168 744 4214 ntourut
755 4176 791 4211 cn
805 4154 960 4229 septentiam·
979 4152 1055 4226 ¹⁰⁸7·

131 4279 169 4324 ¹¹·
940 4250 980 4332 ¹4
