2768 5094
126 392 180 437 u
199 374 291 453 sesa]
476 369 593 435 anea
614 370 794 435 amasus.
1111 376 1166 436 us

126 514 222 567 nmo
235 486 365 562 abbate
382 488 420 560 S.
437 487 552 561 Eufsn
608 486 704 565 alilin
717 485 865 563 Uulridi
880 484 926 560 de
939 486 1095 562 'llelliolo
1112 490 1171 590 (s)

126 635 181 683 ure
198 605 314 679 tribus
329 605 435 677 annis
454 606 491 677 in
508 603 669 678 Calabria
687 605 839 692 mansit,
857 620 894 679 et
912 603 994 679 inde
1011 630 1173 680 remmus

126 721 268 797 oedieti
290 719 449 807 abbatis,
472 723 572 819 eujus
593 720 669 821 ipse
689 718 928 795 consobrinus
951 736 1046 809 erat,
1072 721 1173 797 douo

126 865 254 940 sppsm
264 865 310 912 ex
323 835 402 911 alba
418 862 580 938 purpura
595 839 633 911 S.
650 836 807 913 Ebrullo
822 837 966 912 detulit.
981 839 1048 912 llic
1061 837 1107 913 sb
1120 840 1176 912 in·

126 958 216 1032 antia
249 955 462 1030 monastiess
487 952 755 1031 observationes
783 953 1009 1030 laudabiliter
1034 957 1173 1046 tenuit,

126 1076 303 1175 iriuoqne
313 1075 426 1147 cultui
444 1089 554 1148 nocte
567 1072 696 1176 dieque
713 1072 896 1149 ferventer
908 1072 1066 1149 inhaesit.
1081 1074 1177 1150 Psal-

126 1190 264 1266 uodiam
288 1206 361 1263 tam
384 1187 655 1291 infatigabiliter
674 1190 829 1264 vidimus
856 1217 939 1266 eum
962 1190 1177 1293 plerumque

126 1332 250 1393 eneae,
273 1307 395 1379 utrix
414 1332 508 1378 uuus
530 1306 724 1380 versiculus
748 1305 793 1379 ab
815 1307 892 1411 aliis
918 1308 956 1380 in
976 1305 1089 1382 chum
1111 1331 1177 1383 suo

126 1422 322 1499 ssssmetnr
336 1422 412 1522 ipso
426 1436 578 1496 tanente.
592 1422 663 1498 Sed
675 1423 769 1496 sieut
780 1424 1037 1523 scriptumest:
1053 1424 1178 1507 multas

126 1537 610 1639 fibulatiomsjustorumss)
617 1593 629 1628 ,
644 1538 703 1612 bie
716 1540 846 1612 multas
856 1539 1083 1614 adversitates
1093 1565 1180 1640 per·

126 1680 231 1729 sessus
243 1671 296 1729 est
310 1655 587 1755 importunitate
604 1657 827 1731 tumultuum
839 1657 1058 1732 interiorum
1070 1672 1108 1731 et
1121 1683 1180 1730 ex·

126 1773 301 1848 ariorum.
325 1772 414 1846 Nam
432 1775 516 1875 quia
534 1774 669 1875 rigidus
684 1791 721 1850 et
742 1789 937 1875 repererat
959 1776 1178 1864 temerariis,

126 1905 220 1991 itque
235 1888 372 1963 adulari
392 1889 653 1991 dedignabatur
673 1893 894 1994 hypocritis,
918 1919 1012 1993 saepe
1032 1909 1182 1968 coutur-

126 2021 216 2078 sstus
233 2021 287 2079 est
303 2032 431 2079 samm
453 2005 743 2081 infestationibus
765 2007 1002 2081 multimodis.
1028 2007 1078 2079 Et
1097 2009 1182 2108 quia

126 2120 240 2195 seulus
261 2120 325 2194 Dei
349 2123 474 2196 omnia
495 2123 673 2212 intuetur,
696 2121 892 2224 subtilique
908 2123 1046 2222 judicio
1064 2123 1184 2196 reuss

126 2242 192 2336 guit
216 2263 257 2310 es
284 2237 421 2330 etiam,
448 2265 531 2339 quaa
562 2237 770 2314 bominibus
799 2238 972 2315 laudanda
999 2238 1182 2329 ridentur,

126 2354 331 2429 redictum
357 2354 506 2430 fratrem
530 2356 576 2429 ab
605 2357 755 2430 infantia
785 2355 996 2431 infirmitate
1021 2355 1186 2457 eorporis

126 2472 313 2571 surripuit,
332 2489 370 2547 et
388 2471 459 2546 buc
474 2500 588 2574 usque
600 2478 665 2572 (ut
679 2478 798 2573 justus
808 2473 1026 2572 justificetur
1046 2470 1184 2571 sdbue)

126 2585 367 2661 nembrorum
383 2588 605 2663 debilitatem
626 2604 857 2690 augmentare
882 2616 957 2663 nou
979 2588 1130 2662 desistit.
1152 2588 1186 2661 ls

126 2703 216 2777 anim
232 2704 271 2776 in
284 2704 460 2801 pueritia,
478 2706 562 2805 quia
580 2703 835 2778 immoderatus
852 2719 948 2791 erat,
964 2719 1001 2777 et
1012 2702 1057 2775 sd
1077 2727 1187 2777 omne

126 2845 230 2921 spus,
245 2835 287 2893 ut
301 2820 450 2921 reliquis
464 2819 636 2895 iratribus
651 2819 786 2896 sortior
799 2819 995 2907 rideretur,
1013 2835 1093 2893 toto
1106 2818 1188 2891 nisu

126 2933 349 3035 assurgebat,
374 2952 524 3036 ruptura
547 2938 825 3027 intestinorum,
850 2935 937 3009 dum
959 2952 1092 3009 senam
1113 2958 1191 3036 ges·

126 3067 237 3138 taret,
256 3051 360 3125 lesus
376 3070 450 3140 est,
470 3054 620 3155 ipsoque
632 3052 698 3127 sibi
715 3080 789 3128 non
804 3067 973 3154 pareente
988 3052 1114 3126 laesura
1133 3076 1191 3126 es·

126 3168 205 3243 lem
228 3169 432 3243 insanabilis
456 3173 580 3246 ellectu
603 3187 667 3245 est.
690 3172 853 3272 Denique
869 3173 946 3271 jam
968 3197 1034 3269 per
1052 3184 1190 3271 septem

126 3312 237 3361 iussos
259 3303 331 3361 tam
353 3291 451 3389 gravi
472 3316 663 3391 oppressus
684 3305 738 3365 est
756 3290 936 3389 passione,
961 3302 1003 3361 ut
1025 3314 1092 3360 nec
1110 3313 1192 3359 ms·

126 3430 214 3478 num
231 3403 273 3477 sd
292 3431 333 3478 os
351 3433 448 3480 nunc
467 3410 580 3507 possit
597 3409 754 3509 erigere,
773 3431 839 3479 nec
858 3406 1004 3505 propria
1022 3406 1056 3476 vi
1077 3402 1194 3506 quotl-

126 3517 215 3591 libet
232 3520 388 3593 officium
405 3521 474 3596 sibi
498 3521 677 3597 exhibere.
701 3521 847 3595 Summe
869 3521 984 3607 Deus,
1006 3520 1070 3620 qui
1091 3545 1191 3593 sanas

126 3635 307 3709 enutritos
325 3637 452 3727 eosne,
476 3638 670 3713 elementer
687 3637 781 3711 illius
796 3637 983 3723 miserere,
1005 3642 1192 3738 ipsumque

126 3745 171 3821 ab
184 3750 287 3822 omui
302 3777 503 3853 expurgans
516 3753 665 3842 scelere,
679 3768 844 3854 ereptum
855 3750 900 3826 de
912 3752 1195 3827 wnumotesse

161 4040 172 4105 l
179 4042 204 4107 s)
225 4039 318 4110 t'oyez
331 4040 481 4111 ci-uessus,
497 4063 579 4117 peges
590 4042 624 4100 30
636 4057 662 4098 et
677 4046 719 4116 89.

165 4133 203 4196 'vj
218 4127 320 4183 Pallas.
336 4148 389 4193 vsi,
405 4150 448 4184 au.
