2768 5094
263 397 323 456 278
539 395 725 457 HISTORIA
747 393 1054 456 Ecctssslastlca.
1154 400 1251 474 [casca
1266 399 1330 476 715]

264 511 361 586 tibus
385 538 426 585 ac
455 513 694 588 trementibus
717 540 794 613 prae
818 512 995 588 miraculo
1017 513 1117 617 quod
1139 513 1329 604 videbant,

263 630 352 732 Pega
369 629 606 729 spiritualiter
622 645 802 706 commota
821 657 961 704 sacrum
980 658 1112 732 corpus
1127 647 1332 708 manenter

264 748 301 819 in
315 746 485 835 sindone,
501 768 612 848 quam
625 773 669 821 eo
681 747 826 822 virente
837 745 974 848 Egbert
987 748 1198 824 anachorita
1213 750 1254 822 in
1271 747 1333 823 hoc

262 863 418 941 officium
431 863 598 952 miserat,
613 863 788 953 revolvit,
807 879 843 939 et
860 864 1120 967 sarcophagum
1136 892 1248 966 super
1265 880 1335 940 ter-

262 1008 340 1054 ram
352 981 451 1080 quasi
462 980 642 1082 quoddam
656 980 865 1055 memoriale
876 982 1014 1082 posuit,
1029 980 1092 1053 uhi
1105 1007 1220 1084 usque
1235 979 1336 1055 hodie

262 1095 528 1173 honorabiliter
543 1099 766 1199 requiescit(
792 1101 822 1198 ).

318 1214 407 1287 llluc
434 1215 605 1313 praefatus
628 1216 710 1289 exul
728 1214 964 1304 Edelbaldus,
984 1216 1102 1290 audita
1128 1217 1245 1290 sancti
1272 1218 1335 1289 riri
1375 1278 1381 1304 ,

263 1349 402 1421 morte,
421 1358 582 1407 moerens
603 1332 714 1421 adiit;
744 1335 803 1407 cui
829 1350 913 1434 post
930 1333 1105 1435 lacrymas
1129 1348 1167 1409 et
1193 1334 1338 1435 longam

263 1451 467 1526 orationem
491 1451 529 1524 in
552 1451 718 1549 proxima
743 1452 859 1529 casula
884 1451 1080 1527 dormienti
1110 1466 1259 1524 sanctus
1287 1451 1339 1523 vir

265 1574 456 1667 apparuit,
475 1593 630 1667 eumque
646 1567 873 1657 consolatus,
892 1582 1076 1668 sceptrum
1090 1567 1216 1669 regni,
1236 1581 1339 1641 anta-

265 1710 375 1785 quam
396 1709 512 1757 annus
533 1682 694 1775 finiatur,
718 1685 899 1785 promisit.
919 1686 1071 1786 Signum
1088 1710 1241 1787 quoque
1256 1709 1340 1785 pos-

265 1802 362 1874 centi
385 1801 505 1887 dedit,
528 1802 628 1904 quod
653 1803 690 1875 in
715 1804 913 1878 crastinum
937 1819 1021 1877 ante
1043 1801 1172 1878 horam
1196 1803 1340 1876 tertiam

264 1914 529 1993 habitatoribus
556 1920 763 1993 Crulandiae
790 1921 964 2021 insperata
988 1922 1103 1995 victus
1127 1920 1255 1996 solatia
1278 1919 1341 1994 ds-

264 2050 407 2109 rcntur.
430 2034 505 2110 Nec
523 2061 625 2110 mora
643 2038 791 2112 effectus
809 2037 904 2110 dicta
923 2037 1100 2139 seqnitur.
1122 2036 1231 2113 Unde
1248 2035 1342 2110 idem

265 2149 496 2238 Edelbaldus,
508 2167 699 2252 postquam
712 2179 865 2252 regnum
876 2151 1024 2252 adeptus
1037 2167 1104 2241 est,
1120 2153 1223 2225 miris
1234 2177 1343 2228 orna·

266 2286 477 2344 mentorum
494 2271 685 2342 structuris
704 2269 926 2344 mausoleum
942 2269 1156 2345 renualulis
1172 2268 1342 2344 Guthlaci

266 2386 462 2460 decoravit.

317 2501 471 2594 Quidam
490 2502 744 2602 paterfamilias
762 2505 798 2576 in
816 2504 1003 2602 provincia
1016 2487 1119 2577 Wisa
1136 2505 1196 2604 (a)
1216 2503 1344 2578 oculo-

268 2645 352 2691 rum
370 2617 492 2692 lumen
511 2645 729 2718 perannum
753 2618 928 2719 perdidit,
954 2647 1021 2695 nec
1042 2619 1132 2694 illud
1156 2620 1240 2695 ullis
1264 2627 1344 2721 pig-

267 2750 480 2808 mentorum
498 2734 670 2809 lomentis
693 2761 903 2835 recuperare
921 2737 1055 2837 potuit.
1075 2735 1239 2812 Tandem
1261 2762 1344 2809 cum

270 2852 340 2928 lide
351 2853 582 2928 crulandiam
596 2853 803 2953 perductus,
816 2854 1042 2952 colloquium
1050 2853 1202 2957 virginis
1210 2851 1344 2928 christi

190 2976 193 2980 ’
270 2970 374 3070 Pegae
386 2970 560 3069 appetiit,
576 2973 676 3072 cujus
688 2971 864 3071 permissu
881 2971 976 3044 intra
990 2971 1193 3045 oratorium
1206 2968 1252 3044 ad
1265 2996 1347 3045 con

270 3115 337 3187 pus
354 3103 518 3160 sanctum
535 3085 716 3160 recubuit.
736 3088 798 3160 llla
814 3113 899 3162 vero
914 3104 1054 3189 partem
1069 3088 1248 3190 glutinam
1265 3086 1347 3161 salis

270 3233 290 3277 a
308 3220 431 3280 sancto
447 3207 527 3279 viro
543 3220 627 3279 ante
640 3221 884 3282 consecratam
898 3206 934 3278 in
947 3232 1076 3307 aquam
1088 3207 1194 3299 rasit,
1211 3220 1248 3280 et
1263 3203 1345 3278 inde

309 3547 347 3615 (s)
365 3543 506 3598 Plusieurs
518 3543 644 3616 partious
662 3541 698 3596 de
714 3551 787 3596 cette
805 3541 905 3615 phrase
917 3552 968 3598 ont
984 3560 1024 3597 un
1038 3560 1101 3599 sens
1117 3543 1264 3618 besuwup
1284 3543 1347 3618 plus

273 3631 341 3688 clair
352 3643 380 3687 et
394 3631 456 3705 plus
469 3630 633 3685 satissaisant
646 3630 715 3685 dans
728 3627 754 3684 la
767 3629 884 3704 legende
897 3631 1046 3705 primitive.
1060 3632 1135 3690 C’eat
1146 3632 1218 3688 aian
1230 3633 1347 3708 qu’ony

274 3720 320 3789 lit,
337 3740 372 3776 au
384 3721 440 3776 lieu
454 3720 489 3775 de
499 3721 685 3791 spiritualiter
695 3728 850 3789 commotae,
864 3737 909 3775 cea
917 3730 1006 3776 mota:
1021 3721 1145 3793 spiritali
1155 3719 1262 3795 garnies
1271 3741 1347 3777 eom·

275 3821 365 3876 mota,
384 3821 414 3864 et
429 3809 491 3883 plns
508 3809 566 3864 loin
584 3833 590 3863 z
611 3808 664 3864 sed
675 3819 703 3863 el
715 3810 921 3883 sarcophagum
937 3831 994 3866 nou
1011 3811 1095 3868 hamo
1108 3822 1192 3868 terra
1203 3808 1344 3878 condem,

274 3904 357 3954 immo
370 3903 452 3953 etrum
465 3903 494 3952 iu
504 3900 663 3953 memoriale
676 3897 818 3971 quoddam
830 3904 937 3972 posuit,
952 3911 1003 3956 etc.

310 3990 349 4057 (a)
366 3985 441 4040 Dans
454 3986 479 4040 le
492 3988 561 4042 recit
575 3986 610 4041 de
626 3985 717 4056 Felix,
732 4007 764 4044 ce
779 4008 844 4063 pays
857 4000 899 4044 est
914 3992 1026 4045 nomme
1039 3990 1140 4046 wissa.
1152 3989 1229 4046 C’est
1239 3987 1268 4045 la
1280 4008 1346 4064 pro·

275 4079 353 4132 vinco
365 4075 414 4130 des
427 4074 536 4130 Huiccn·
542 4121 547 4143 ‚
562 4078 610 4150 qui
624 4079 751 4151 occupait
765 4079 789 4135 la
807 4080 897 4136 meme
910 4081 1140 4155 circonscription
1154 4097 1211 4156 que
1224 4079 1347 4138 l’evdche'

276 4169 311 4223 de
326 4170 354 4219 11
363 4177 494 4222 oscester.
