<?xml version="1.0" encoding="UTF-8"?>
<!DOCTYPE html PUBLIC "-//W3C//DTD XHTML 1.0 Transitional//EN"
    "http://www.w3.org/TR/xhtml1/DTD/xhtml1-transitional.dtd">
<html xmlns="http://www.w3.org/1999/xhtml" xml:lang="en" lang="en">
 <head>
  <title>
</title>
<meta http-equiv="Content-Type" content="text/html;charset=utf-8" />
  <meta name='ocr-system' content='tesseract 3.04.00' />
  <meta name='ocr-capabilities' content='ocr_page ocr_carea ocr_par ocr_line ocrx_word'/>
</head>
<body>
  <div class='ocr_page' id='page_1' title='image "./ordericivitalis06deligoog/ordericivitalis06deligoog_0384.png"; bbox 0 0 2790 5084; ppageno 0'>
   <div class='ocr_carea' id='block_1_1' title="bbox 63 332 1134 3470">
    <p class='ocr_par' dir='ltr' id='par_1_1' title="bbox 63 332 1134 3470">
     <span class='ocr_line' id='line_1_1' title="bbox 436 332 1128 411; baseline 0.001 -15"><span class='ocrx_word' id='word_1_1' title='bbox 436 335 550 397; x_wconf 80' lang='lat' dir='ltr'>blllEll</span> <span class='ocrx_word' id='word_1_2' title='bbox 572 332 755 411; x_wconf 80' lang='lat' dir='ltr'>QUlN‘l&#39;US.</span> <span class='ocrx_word' id='word_1_3' title='bbox 1068 339 1128 400; x_wconf 75' lang='lat' dir='ltr'>teu</span> 
     </span>
     <span class='ocr_line' id='line_1_2' title="bbox 63 450 1129 553; baseline 0.003 -30"><span class='ocrx_word' id='word_1_4' title='bbox 63 452 428 551; x_wconf 56' lang='lat' dir='ltr'>thristmtiuopoleos</span> <span class='ocrx_word' id='word_1_5' title='bbox 456 454 649 553; x_wconf 70' lang='lat' dir='ltr'>aggregatis</span> <span class='ocrx_word' id='word_1_6' title='bbox 676 452 814 550; x_wconf 88' lang='lat' dir='ltr'>imperii</span> <span class='ocrx_word' id='word_1_7' title='bbox 845 450 981 523; x_wconf 80' lang='lat' dir='ltr'>viribus</span> <span class='ocrx_word' id='word_1_8' title='bbox 1011 453 1129 526; x_wconf 88' lang='lat' dir='ltr'>insur-</span> 
     </span>
     <span class='ocr_line' id='line_1_3' title="bbox 66 566 1127 669; baseline -0.001 -28"><span class='ocrx_word' id='word_1_9' title='bbox 66 573 181 654; x_wconf 79' lang='lat' dir='ltr'>rexit,</span> <span class='ocrx_word' id='word_1_10' title='bbox 209 585 244 642; x_wconf 89' lang='lat' dir='ltr'>et</span> <span class='ocrx_word' id='word_1_11' title='bbox 273 569 421 669; x_wconf 76' lang='lat' dir='ltr'>repulsis</span> <span class='ocrx_word' id='word_1_12' title='bbox 453 584 535 669; x_wconf 80' lang='lat' dir='ltr'>post</span> <span class='ocrx_word' id='word_1_13' title='bbox 564 567 674 640; x_wconf 74' lang='lat' dir='ltr'>multe</span> <span class='ocrx_word' id='word_1_14' title='bbox 707 566 921 640; x_wconf 78' lang='lat' dir='ltr'>detrimenta</span> <span class='ocrx_word' id='word_1_15' title='bbox 949 566 1127 655; x_wconf 76' lang='lat' dir='ltr'>idolatris,</span> 
     </span>
     <span class='ocr_line' id='line_1_4' title="bbox 65 683 1130 784; baseline -0.002 -26"><span class='ocrx_word' id='word_1_16' title='bbox 65 686 154 758; x_wconf 88' lang='lat' dir='ltr'>lines</span> <span class='ocrx_word' id='word_1_17' title='bbox 182 686 469 760; x_wconf 84' lang='lat' dir='ltr'>Christianorum</span> <span class='ocrx_word' id='word_1_18' title='bbox 498 683 674 758; x_wconf 79' lang='lat' dir='ltr'>liberavit.</span> <span class='ocrx_word' id='word_1_19' title='bbox 706 685 788 756; x_wconf 83' lang='lat' dir='ltr'>Ossa</span> <span class='ocrx_word' id='word_1_20' title='bbox 820 709 966 784; x_wconf 88' lang='lat' dir='ltr'>quoque</span> <span class='ocrx_word' id='word_1_21' title='bbox 998 701 1130 756; x_wconf 79' lang='lat' dir='ltr'>sancte</span> 
     </span>
     <span class='ocr_line' id='line_1_5' title="bbox 64 800 1130 901; baseline 0 -29"><span class='ocrx_word' id='word_1_22' title='bbox 64 800 214 899; x_wconf 69' lang='lat' dir='ltr'>Agathe</span> <span class='ocrx_word' id='word_1_23' title='bbox 234 803 382 901; x_wconf 81' lang='lat' dir='ltr'>virginis</span> <span class='ocrx_word' id='word_1_24' title='bbox 403 817 441 877; x_wconf 89' lang='lat' dir='ltr'>et</span> <span class='ocrx_word' id='word_1_25' title='bbox 464 803 632 901; x_wconf 81' lang='lat' dir='ltr'>martyris</span> <span class='ocrx_word' id='word_1_26' title='bbox 643 848 665 892; x_wconf 87' lang='lat'>,·</span> <span class='ocrx_word' id='word_1_27' title='bbox 676 801 902 900; x_wconf 82' lang='lat' dir='ltr'>aliorumque</span> <span class='ocrx_word' id='word_1_28' title='bbox 923 815 1130 873; x_wconf 80' lang='lat' dir='ltr'>sanctorum</span> 
     </span>
     <span class='ocr_line' id='line_1_6' title="bbox 65 913 1131 1015; baseline -0.005 -26"><span class='ocrx_word' id='word_1_29' title='bbox 65 944 237 1015; x_wconf 79' lang='lat' dir='ltr'>mrpom,</span> <span class='ocrx_word' id='word_1_30' title='bbox 259 945 303 990; x_wconf 90' lang='lat' dir='ltr'>ue</span> <span class='ocrx_word' id='word_1_31' title='bbox 319 945 339 989; x_wconf 79' lang='lat' dir='ltr'>a</span> <span class='ocrx_word' id='word_1_32' title='bbox 358 915 589 990; x_wconf 73' lang='lat' dir='ltr'>redeuntibus</span> <span class='ocrx_word' id='word_1_33' title='bbox 604 915 828 989; x_wconf 75' lang='lat' dir='ltr'><strong>foedarentur</strong></span> <span class='ocrx_word' id='word_1_34' title='bbox 841 915 1003 1013; x_wconf 80' lang='lat' dir='ltr'>paganis,</span> <span class='ocrx_word' id='word_1_35' title='bbox 1016 913 1060 987; x_wconf 86' lang='lat' dir='ltr'>de</span> <span class='ocrx_word' id='word_1_36' title='bbox 1075 915 1131 985; x_wconf 88' lang='lat' dir='ltr'>Si·</span> 
     </span>
     <span class='ocr_line' id='line_1_7' title="bbox 66 1031 1132 1132; baseline 0 -28"><span class='ocrx_word' id='word_1_37' title='bbox 66 1034 145 1105; x_wconf 78' lang='lat' dir='ltr'>cilia</span> <span class='ocrx_word' id='word_1_38' title='bbox 165 1034 519 1132; x_wconf 78' lang='lat' dir='ltr'>Corssturuinopolim</span> <span class='ocrx_word' id='word_1_39' title='bbox 541 1048 747 1106; x_wconf 74' lang='lat' dir='ltr'>reverenter</span> <span class='ocrx_word' id='word_1_40' title='bbox 771 1031 967 1104; x_wconf 75' lang='lat' dir='ltr'>transtulit.</span> <span class='ocrx_word' id='word_1_41' title='bbox 998 1034 1132 1105; x_wconf 83' lang='lat' dir='ltr'>Succe-</span> 
     </span>
     <span class='ocr_line' id='line_1_8' title="bbox 66 1149 1132 1251; baseline -0.002 -29"><span class='ocrx_word' id='word_1_42' title='bbox 66 1152 174 1225; x_wconf 86' lang='lat' dir='ltr'>dente</span> <span class='ocrx_word' id='word_1_43' title='bbox 190 1152 239 1223; x_wconf 92' lang='lat' dir='ltr'>illi</span> <span class='ocrx_word' id='word_1_44' title='bbox 256 1154 431 1251; x_wconf 76' lang='lat' dir='ltr'>Diogene,</span> <span class='ocrx_word' id='word_1_45' title='bbox 447 1149 652 1225; x_wconf 77' lang='lat' dir='ltr'>Osmundus</span> <span class='ocrx_word' id='word_1_46' title='bbox 661 1153 827 1249; x_wconf 70' lang='lat' dir='ltr'>Drcngot</span> <span class='ocrx_word' id='word_1_47' title='bbox 844 1165 881 1223; x_wconf 91' lang='lat' dir='ltr'>et</span> <span class='ocrx_word' id='word_1_48' title='bbox 896 1149 1035 1248; x_wconf 78' lang='lat' dir='ltr'>lli-ogo,</span> <span class='ocrx_word' id='word_1_49' title='bbox 1056 1149 1132 1220; x_wconf 85' lang='lat' dir='ltr'>alii-</span> 
     </span>
     <span class='ocr_line' id='line_1_9' title="bbox 67 1266 1131 1367; baseline 0.002 -30"><span class='ocrx_word' id='word_1_50' title='bbox 67 1295 136 1367; x_wconf 85' lang='lat' dir='ltr'>que</span> <span class='ocrx_word' id='word_1_51' title='bbox 167 1268 367 1340; x_wconf 75' lang='lat' dir='ltr'>Normanni</span> <span class='ocrx_word' id='word_1_52' title='bbox 399 1283 593 1367; x_wconf 90' lang='lat' dir='ltr'>coeperunt</span> <span class='ocrx_word' id='word_1_53' title='bbox 622 1267 788 1365; x_wconf 80' lang='lat' dir='ltr'>Apuliam</span> <span class='ocrx_word' id='word_1_54' title='bbox 820 1266 997 1352; x_wconf 81' lang='lat' dir='ltr'>incolere,</span> <span class='ocrx_word' id='word_1_55' title='bbox 1026 1283 1062 1339; x_wconf 90' lang='lat' dir='ltr'>et</span> <span class='ocrx_word' id='word_1_56' title='bbox 1095 1267 1131 1339; x_wconf 90' lang='lat' dir='ltr'>in</span> 
     </span>
     <span class='ocr_line' id='line_1_10' title="bbox 69 1384 1133 1484; baseline 0 -28"><span class='ocrx_word' id='word_1_57' title='bbox 69 1384 250 1483; x_wconf 70' lang='lat' dir='ltr'>Agamuos</span> <span class='ocrx_word' id='word_1_58' title='bbox 268 1384 321 1456; x_wconf 80' lang='lat' dir='ltr'>rel</span> <span class='ocrx_word' id='word_1_59' title='bbox 345 1384 720 1484; x_wconf 77' lang='lat' dir='ltr'>pseudo-Christianos</span> <span class='ocrx_word' id='word_1_60' title='bbox 739 1404 836 1457; x_wconf 72' lang='lat' dir='ltr'>arm</span> <span class='ocrx_word' id='word_1_61' title='bbox 856 1384 1011 1456; x_wconf 77' lang='lat' dir='ltr'>viriliter</span> <span class='ocrx_word' id='word_1_62' title='bbox 1027 1409 1133 1456; x_wconf 82' lang='lat' dir='ltr'>exer-</span> 
     </span>
     <span class='ocr_line' id='line_1_11' title="bbox 69 1500 1133 1602; baseline -0.001 -29"><span class='ocrx_word' id='word_1_63' title='bbox 69 1528 158 1574; x_wconf 82' lang='lat' dir='ltr'>cere.</span> <span class='ocrx_word' id='word_1_64' title='bbox 171 1503 333 1602; x_wconf 79' lang='lat' dir='ltr'>lleuique</span> <span class='ocrx_word' id='word_1_65' title='bbox 344 1502 547 1576; x_wconf 87' lang='lat' dir='ltr'>Rodbcrtus</span> <span class='ocrx_word' id='word_1_66' title='bbox 558 1516 799 1600; x_wconf 79' lang='lat' dir='ltr'>cognomento</span> <span class='ocrx_word' id='word_1_67' title='bbox 812 1500 1040 1587; x_wconf 79' lang='lat' dir='ltr'>Guisenulus,</span> <span class='ocrx_word' id='word_1_68' title='bbox 1053 1517 1133 1600; x_wconf 76' lang='lat' dir='ltr'>post</span> 
     </span>
     <span class='ocr_line' id='line_1_12' title="bbox 71 1617 1134 1718; baseline 0 -27"><span class='ocrx_word' id='word_1_69' title='bbox 71 1619 179 1692; x_wconf 75' lang='lat' dir='ltr'>multa</span> <span class='ocrx_word' id='word_1_70' title='bbox 194 1619 371 1693; x_wconf 82' lang='lat' dir='ltr'>bellorum</span> <span class='ocrx_word' id='word_1_71' title='bbox 388 1620 611 1703; x_wconf 80' lang='lat' dir='ltr'>discrimina,</span> <span class='ocrx_word' id='word_1_72' title='bbox 626 1620 724 1718; x_wconf 89' lang='lat' dir='ltr'>prius</span> <span class='ocrx_word' id='word_1_73' title='bbox 735 1617 780 1689; x_wconf 86' lang='lat' dir='ltr'>nb</span> <span class='ocrx_word' id='word_1_74' title='bbox 796 1617 981 1690; x_wconf 85' lang='lat' dir='ltr'>llnrduino</span> <span class='ocrx_word' id='word_1_75' title='bbox 994 1621 1134 1717; x_wconf 69' lang='lat' dir='ltr'>lungo·</span> 
     </span>
     <span class='ocr_line' id='line_1_13' title="bbox 69 1734 1133 1837; baseline 0.002 -31"><span class='ocrx_word' id='word_1_76' title='bbox 69 1734 181 1808; x_wconf 73' lang='lat' dir='ltr'>burdo</span> <span class='ocrx_word' id='word_1_77' title='bbox 207 1753 243 1808; x_wconf 89' lang='lat' dir='ltr'>et</span> <span class='ocrx_word' id='word_1_78' title='bbox 267 1737 406 1808; x_wconf 84' lang='lat' dir='ltr'>lllelone</span> <span class='ocrx_word' id='word_1_79' title='bbox 431 1752 561 1837; x_wconf 87' lang='lat' dir='ltr'>nepote</span> <span class='ocrx_word' id='word_1_80' title='bbox 590 1739 685 1833; x_wconf 85' lang='lat' dir='ltr'>ejus,</span> <span class='ocrx_word' id='word_1_81' title='bbox 717 1736 945 1833; x_wconf 88' lang='lat' dir='ltr'>postmodum</span> <span class='ocrx_word' id='word_1_82' title='bbox 971 1765 989 1806; x_wconf 89' lang='lat' dir='ltr'>n</span> <span class='ocrx_word' id='word_1_83' title='bbox 1013 1739 1133 1808; x_wconf 83' lang='lat' dir='ltr'>Leone</span> 
     </span>
     <span class='ocr_line' id='line_1_14' title="bbox 71 1853 1132 1952; baseline 0.001 -28"><span class='ocrx_word' id='word_1_84' title='bbox 71 1880 154 1952; x_wconf 72' lang='lat' dir='ltr'>pepe</span> <span class='ocrx_word' id='word_1_85' title='bbox 176 1853 275 1927; x_wconf 93' lang='lat' dir='ltr'>douo</span> <span class='ocrx_word' id='word_1_86' title='bbox 298 1855 430 1952; x_wconf 87' lang='lat' dir='ltr'>reecpit</span> <span class='ocrx_word' id='word_1_87' title='bbox 453 1854 617 1952; x_wconf 74' lang='lat' dir='ltr'>Apuliam</span> <span class='ocrx_word' id='word_1_88' title='bbox 639 1869 763 1925; x_wconf 79' lang='lat' dir='ltr'>corum</span> <span class='ocrx_word' id='word_1_89' title='bbox 783 1853 1000 1925; x_wconf 77' lang='lat' dir='ltr'>adversarios</span> <span class='ocrx_word' id='word_1_90' title='bbox 1020 1855 1132 1926; x_wconf 86' lang='lat' dir='ltr'>suncti</span> 
     </span>
     <span class='ocr_line' id='line_1_15' title="bbox 72 1969 1132 2069; baseline 0.004 -29"><span class='ocrx_word' id='word_1_91' title='bbox 72 1970 185 2055; x_wconf 80' lang='lat' dir='ltr'>Petri,</span> <span class='ocrx_word' id='word_1_92' title='bbox 206 1972 413 2069; x_wconf 86' lang='lat' dir='ltr'>perenniter</span> <span class='ocrx_word' id='word_1_93' title='bbox 430 1996 506 2040; x_wconf 82' lang='lat' dir='ltr'>eum</span> <span class='ocrx_word' id='word_1_94' title='bbox 529 1969 753 2041; x_wconf 70' lang='lat' dir='ltr'>(lesensium.</span> <span class='ocrx_word' id='word_1_95' title='bbox 780 1969 894 2060; x_wconf 83' lang='lat' dir='ltr'>Quum</span> <span class='ocrx_word' id='word_1_96' title='bbox 922 1971 994 2068; x_wconf 91' lang='lat' dir='ltr'>ipse</span> <span class='ocrx_word' id='word_1_97' title='bbox 1010 1986 1132 2068; x_wconf 77' lang='lat' dir='ltr'>postea</span> 
     </span>
     <span class='ocr_line' id='line_1_16' title="bbox 67 2082 1132 2182; baseline 0.003 -27"><span class='ocrx_word' id='word_1_98' title='bbox 67 2088 211 2182; x_wconf 70' lang='lat' dir='ltr'>jurante</span> <span class='ocrx_word' id='word_1_99' title='bbox 231 2084 305 2157; x_wconf 80' lang='lat' dir='ltr'>Deo</span> <span class='ocrx_word' id='word_1_100' title='bbox 326 2084 471 2157; x_wconf 86' lang='lat' dir='ltr'>sortiter</span> <span class='ocrx_word' id='word_1_101' title='bbox 495 2086 630 2170; x_wconf 90' lang='lat' dir='ltr'>tenuit,</span> <span class='ocrx_word' id='word_1_102' title='bbox 654 2100 693 2156; x_wconf 90' lang='lat' dir='ltr'>et</span> <span class='ocrx_word' id='word_1_103' title='bbox 715 2082 802 2156; x_wconf 88' lang='lat' dir='ltr'>lines</span> <span class='ocrx_word' id='word_1_104' title='bbox 825 2084 972 2158; x_wconf 89' lang='lat' dir='ltr'>ditionis</span> <span class='ocrx_word' id='word_1_105' title='bbox 996 2112 1069 2156; x_wconf 75' lang='lat' dir='ltr'>sure</span> <span class='ocrx_word' id='word_1_106' title='bbox 1096 2093 1132 2158; x_wconf 92' lang='lat' dir='ltr'>iu</span> 
     </span>
     <span class='ocr_line' id='line_1_17' title="bbox 70 2200 1131 2303; baseline 0 -31"><span class='ocrx_word' id='word_1_107' title='bbox 70 2202 224 2274; x_wconf 73' lang='lat' dir='ltr'>Sicilinm</span> <span class='ocrx_word' id='word_1_108' title='bbox 243 2228 352 2301; x_wconf 86' lang='lat' dir='ltr'>usque</span> <span class='ocrx_word' id='word_1_109' title='bbox 371 2217 407 2274; x_wconf 91' lang='lat' dir='ltr'>ct</span> <span class='ocrx_word' id='word_1_110' title='bbox 426 2200 638 2287; x_wconf 80' lang='lat' dir='ltr'>Calabriam,</span> <span class='ocrx_word' id='word_1_111' title='bbox 657 2201 931 2303; x_wconf 79' lang='lat' dir='ltr'>Bulgnriumque</span> <span class='ocrx_word' id='word_1_112' title='bbox 950 2201 1131 2290; x_wconf 80' lang='lat' dir='ltr'>dilatuvit,</span> 
     </span>
     <span class='ocr_line' id='line_1_18' title="bbox 73 2316 887 2417; baseline -0.002 -30"><span class='ocrx_word' id='word_1_113' title='bbox 73 2316 263 2417; x_wconf 82' lang='lat' dir='ltr'>liberisque</span> <span class='ocrx_word' id='word_1_114' title='bbox 283 2318 353 2388; x_wconf 88' lang='lat' dir='ltr'>suis</span> <span class='ocrx_word' id='word_1_115' title='bbox 375 2316 602 2390; x_wconf 82' lang='lat' dir='ltr'>luereditnrio</span> <span class='ocrx_word' id='word_1_116' title='bbox 619 2321 702 2415; x_wconf 89' lang='lat' dir='ltr'>jure</span> <span class='ocrx_word' id='word_1_117' title='bbox 725 2316 887 2388; x_wconf 89' lang='lat' dir='ltr'>dimisit.</span> 
     </span>
     <span class='ocr_line' id='line_1_19' title="bbox 114 2430 1132 2533; baseline 0.002 -30"><span class='ocrx_word' id='word_1_118' title='bbox 114 2433 155 2505; x_wconf 92' lang='lat' dir='ltr'>lu</span> <span class='ocrx_word' id='word_1_119' title='bbox 175 2430 396 2505; x_wconf 78' lang='lat' dir='ltr'>Normunmn</span> <span class='ocrx_word' id='word_1_120' title='bbox 416 2430 470 2503; x_wconf 87' lang='lat' dir='ltr'>bis</span> <span class='ocrx_word' id='word_1_121' title='bbox 486 2430 707 2531; x_wconf 86' lang='lat' dir='ltr'>temporibus</span> <span class='ocrx_word' id='word_1_122' title='bbox 726 2431 839 2504; x_wconf 84' lang='lat' dir='ltr'>multa</span> <span class='ocrx_word' id='word_1_123' title='bbox 856 2431 946 2504; x_wconf 79' lang='lat' dir='ltr'>mula</span> <span class='ocrx_word' id='word_1_124' title='bbox 967 2434 1132 2533; x_wconf 85' lang='lat' dir='ltr'>nequiter</span> 
     </span>
     <span class='ocr_line' id='line_1_20' title="bbox 69 2549 1132 2649; baseline 0 -27"><span class='ocrx_word' id='word_1_125' title='bbox 69 2566 203 2649; x_wconf 68' lang='lat' dir='ltr'>petrum</span> <span class='ocrx_word' id='word_1_126' title='bbox 220 2565 317 2620; x_wconf 88' lang='lat' dir='ltr'>suut.</span> <span class='ocrx_word' id='word_1_127' title='bbox 333 2549 512 2622; x_wconf 75' lang='lat' dir='ltr'>Alcimum</span> <span class='ocrx_word' id='word_1_128' title='bbox 531 2551 629 2622; x_wconf 90' lang='lat' dir='ltr'>euim</span> <span class='ocrx_word' id='word_1_129' title='bbox 645 2551 815 2624; x_wconf 86' lang='lat' dir='ltr'>comitem</span> <span class='ocrx_word' id='word_1_130' title='bbox 831 2549 1044 2638; x_wconf 89' lang='lat' dir='ltr'>Britonum,</span> <span class='ocrx_word' id='word_1_131' title='bbox 1061 2551 1132 2622; x_wconf 83' lang='lat' dir='ltr'>sui·</span> 
     </span>
     <span class='ocr_line' id='line_1_21' title="bbox 67 2665 1133 2768; baseline 0.001 -30"><span class='ocrx_word' id='word_1_132' title='bbox 67 2695 134 2768; x_wconf 88' lang='lat' dir='ltr'>que</span> <span class='ocrx_word' id='word_1_133' title='bbox 148 2665 253 2738; x_wconf 85' lang='lat' dir='ltr'>ducis</span> <span class='ocrx_word' id='word_1_134' title='bbox 272 2682 447 2753; x_wconf 87' lang='lat' dir='ltr'>tutorem,</span> <span class='ocrx_word' id='word_1_135' title='bbox 477 2667 677 2740; x_wconf 85' lang='lat' dir='ltr'>Normanui</span> <span class='ocrx_word' id='word_1_136' title='bbox 703 2693 841 2740; x_wconf 80' lang='lat' dir='ltr'>veneno</span> <span class='ocrx_word' id='word_1_137' title='bbox 863 2694 1068 2766; x_wconf 88' lang='lat' dir='ltr'>peremere,</span> <span class='ocrx_word' id='word_1_138' title='bbox 1095 2681 1133 2741; x_wconf 94' lang='lat' dir='ltr'>ct</span> 
     </span>
     <span class='ocr_line' id='line_1_22' title="bbox 67 2783 1130 2884; baseline -0.003 -26"><span class='ocrx_word' id='word_1_139' title='bbox 67 2812 303 2859; x_wconf 81' lang='lat' dir='ltr'>successorem</span> <span class='ocrx_word' id='word_1_140' title='bbox 341 2789 415 2884; x_wconf 90' lang='lat' dir='ltr'>ejus</span> <span class='ocrx_word' id='word_1_141' title='bbox 444 2783 686 2858; x_wconf 86' lang='lat' dir='ltr'>Gislrbertum</span> <span class='ocrx_word' id='word_1_142' title='bbox 716 2785 907 2869; x_wconf 88' lang='lat' dir='ltr'>comitem,</span> <span class='ocrx_word' id='word_1_143' title='bbox 944 2784 1130 2858; x_wconf 83' lang='lat' dir='ltr'>Godelridi</span> 
     </span>
     <span class='ocr_line' id='line_1_23' title="bbox 68 2901 1132 3000; baseline -0.004 -23"><span class='ocrx_word' id='word_1_144' title='bbox 68 2905 198 2989; x_wconf 89' lang='lat' dir='ltr'>lilium,</span> <span class='ocrx_word' id='word_1_145' title='bbox 211 2902 412 2976; x_wconf 78' lang='lat' dir='ltr'>crudelibus</span> <span class='ocrx_word' id='word_1_146' title='bbox 422 2904 529 2974; x_wconf 80' lang='lat' dir='ltr'>armis</span> <span class='ocrx_word' id='word_1_147' title='bbox 542 2916 826 3000; x_wconf 76' lang='lat' dir='ltr'>prostraverunt,</span> <span class='ocrx_word' id='word_1_148' title='bbox 843 2927 986 2999; x_wconf 88' lang='lat' dir='ltr'>seseque</span> <span class='ocrx_word' id='word_1_149' title='bbox 997 2901 1132 2973; x_wconf 87' lang='lat' dir='ltr'>mutuis</span> 
     </span>
     <span class='ocr_line' id='line_1_24' title="bbox 67 3014 1129 3118; baseline -0.004 -24"><span class='ocrx_word' id='word_1_150' title='bbox 67 3017 323 3094; x_wconf 62' lang='lat' dir='ltr'>certaminibus</span> <span class='ocrx_word' id='word_1_151' title='bbox 338 3047 426 3117; x_wconf 87' lang='lat' dir='ltr'>pene</span> <span class='ocrx_word' id='word_1_152' title='bbox 443 3018 605 3118; x_wconf 88' lang='lat' dir='ltr'>quotidie</span> <span class='ocrx_word' id='word_1_153' title='bbox 621 3014 880 3090; x_wconf 79' lang='lat' dir='ltr'>incredibiliter</span> <span class='ocrx_word' id='word_1_154' title='bbox 896 3032 1129 3089; x_wconf 73' lang='lat' dir='ltr'>necaverunt.</span> 
     </span>
     <span class='ocr_line' id='line_1_25' title="bbox 67 3131 1131 3232; baseline -0.004 -21"><span class='ocrx_word' id='word_1_155' title='bbox 67 3140 171 3211; x_wconf 82' lang='lat' dir='ltr'>Tunc</span> <span class='ocrx_word' id='word_1_156' title='bbox 197 3134 440 3208; x_wconf 86' lang='lat' dir='ltr'>Turebetillus</span> <span class='ocrx_word' id='word_1_157' title='bbox 457 3136 500 3207; x_wconf 91' lang='lat' dir='ltr'>de</span> <span class='ocrx_word' id='word_1_158' title='bbox 523 3136 807 3207; x_wconf 74' lang='lat' dir='ltr'>Noto-,llerento</span> <span class='ocrx_word' id='word_1_159' title='bbox 829 3149 865 3205; x_wconf 87' lang='lat' dir='ltr'>et</span> <span class='ocrx_word' id='word_1_160' title='bbox 890 3134 1064 3232; x_wconf 79' lang='lat' dir='ltr'>Rogerius</span> <span class='ocrx_word' id='word_1_161' title='bbox 1087 3131 1131 3207; x_wconf 86' lang='lat' dir='ltr'>de</span> 
     </span>
     <span class='ocr_line' id='line_1_26' title="bbox 66 3251 1130 3352; baseline -0.008 -21"><span class='ocrx_word' id='word_1_162' title='bbox 66 3257 205 3331; x_wconf 79' lang='lat' dir='ltr'>&#39;l&#39;ocnia</span> <span class='ocrx_word' id='word_1_163' title='bbox 231 3272 266 3327; x_wconf 90' lang='lat' dir='ltr'>et</span> <span class='ocrx_word' id='word_1_164' title='bbox 288 3252 468 3326; x_wconf 86' lang='lat' dir='ltr'>Osberuus</span> <span class='ocrx_word' id='word_1_165' title='bbox 488 3253 626 3352; x_wconf 79' lang='lat' dir='ltr'>dapifer</span> <span class='ocrx_word' id='word_1_166' title='bbox 650 3253 884 3326; x_wconf 76' lang='lat' dir='ltr'>Normnuuire</span> <span class='ocrx_word' id='word_1_167' title='bbox 905 3269 938 3324; x_wconf 92' lang='lat' dir='ltr'>ct</span> <span class='ocrx_word' id='word_1_168' title='bbox 968 3252 1040 3326; x_wconf 88' lang='lat' dir='ltr'>duo</span> <span class='ocrx_word' id='word_1_169' title='bbox 1065 3251 1130 3325; x_wconf 86' lang='lat' dir='ltr'>filii</span> 
     </span>
     <span class='ocr_line' id='line_1_27' title="bbox 67 3366 1128 3470; baseline -0.006 -25"><span class='ocrx_word' id='word_1_170' title='bbox 67 3371 212 3470; x_wconf 74' lang='lat' dir='ltr'>llogerii</span> <span class='ocrx_word' id='word_1_171' title='bbox 244 3368 288 3440; x_wconf 92' lang='lat' dir='ltr'>de</span> <span class='ocrx_word' id='word_1_172' title='bbox 317 3368 642 3441; x_wconf 79' lang='lat' dir='ltr'>bluute-Gonierici</span> <span class='ocrx_word' id='word_1_173' title='bbox 669 3400 676 3438; x_wconf 93' lang='lat'><strong>:</strong></span> <span class='ocrx_word' id='word_1_174' title='bbox 703 3366 917 3438; x_wconf 87' lang='lat' dir='ltr'>Guillelmus</span> <span class='ocrx_word' id='word_1_175' title='bbox 941 3382 978 3437; x_wconf 89' lang='lat' dir='ltr'>et</span> <span class='ocrx_word' id='word_1_176' title='bbox 1005 3367 1128 3465; x_wconf 79' lang='lat' dir='ltr'>lingo,</span> 
     </span>
    </p>
   </div>
   <div class='ocr_carea' id='block_1_2' title="bbox 73 3548 280 3563">
    <p class='ocr_par' dir='ltr' id='par_1_2' title="bbox 73 3548 280 3563">
     <span class='ocr_line' id='line_1_28' title="bbox 73 3548 280 3563; baseline -0.01 0"><span class='ocrx_word' id='word_1_177' title='bbox 73 3548 280 3563; x_wconf 70' lang='lat'>—-—-—</span> 
     </span>
    </p>
   </div>
   <div class='ocr_carea' id='block_1_3' title="bbox 67 3639 1129 3985">
    <p class='ocr_par' dir='ltr' id='par_1_3' title="bbox 67 3639 1129 3985">
     <span class='ocr_line' id='line_1_29' title="bbox 68 3639 1127 3719; baseline -0.001 -22"><span class='ocrx_word' id='word_1_178' title='bbox 68 3649 148 3719; x_wconf 61' lang='lat' dir='ltr'>quire</span> <span class='ocrx_word' id='word_1_179' title='bbox 157 3644 198 3698; x_wconf 77' lang='lat' dir='ltr'>de</span> <span class='ocrx_word' id='word_1_180' title='bbox 210 3643 235 3696; x_wconf 75' lang='lat' dir='ltr'>b</span> <span class='ocrx_word' id='word_1_181' title='bbox 248 3642 330 3696; x_wconf 84' lang='lat' dir='ltr'>Sicile</span> <span class='ocrx_word' id='word_1_182' title='bbox 343 3642 385 3696; x_wconf 83' lang='lat' dir='ltr'>lut</span> <span class='ocrx_word' id='word_1_183' title='bbox 395 3646 568 3696; x_wconf 84' lang='lat' dir='ltr'>commeuee&#39;e</span> <span class='ocrx_word' id='word_1_184' title='bbox 578 3661 613 3696; x_wconf 91' lang='lat' dir='ltr'>en</span> <span class='ocrx_word' id='word_1_185' title='bbox 631 3640 692 3694; x_wconf 77' lang='lat'>1⁰61</span> <span class='ocrx_word' id='word_1_186' title='bbox 706 3659 754 3713; x_wconf 78' lang='lat' dir='ltr'>par</span> <span class='ocrx_word' id='word_1_187' title='bbox 767 3639 870 3711; x_wconf 74' lang='lat' dir='ltr'>linger,</span> <span class='ocrx_word' id='word_1_188' title='bbox 882 3642 954 3695; x_wconf 75' lang='lat' dir='ltr'>irene</span> <span class='ocrx_word' id='word_1_189' title='bbox 967 3641 1003 3695; x_wconf 88' lang='lat' dir='ltr'>de</span> <span class='ocrx_word' id='word_1_190' title='bbox 1014 3640 1127 3707; x_wconf 79' lang='lat' dir='ltr'>llobect,</span> 
     </span>
     <span class='ocr_line' id='line_1_30' title="bbox 67 3731 1129 3805; baseline -0.002 -16"><span class='ocrx_word' id='word_1_191' title='bbox 67 3750 90 3789; x_wconf 79' lang='lat' dir='ltr'>et</span> <span class='ocrx_word' id='word_1_192' title='bbox 103 3737 138 3789; x_wconf 76' lang='lat' dir='ltr'>de</span> <span class='ocrx_word' id='word_1_193' title='bbox 148 3743 262 3788; x_wconf 71' lang='lat' dir='ltr'>eonem</span> <span class='ocrx_word' id='word_1_194' title='bbox 272 3751 334 3785; x_wconf 76' lang='lat' dir='ltr'>arec</span> <span class='ocrx_word' id='word_1_195' title='bbox 345 3734 397 3793; x_wconf 83' lang='lat' dir='ltr'>lui,</span> <span class='ocrx_word' id='word_1_196' title='bbox 411 3744 438 3785; x_wconf 86' lang='lat' dir='ltr'>et</span> <span class='ocrx_word' id='word_1_197' title='bbox 452 3734 584 3786; x_wconf 71' lang='lat' dir='ltr'>terminer·</span> <span class='ocrx_word' id='word_1_198' title='bbox 596 3752 645 3805; x_wconf 83' lang='lat' dir='ltr'>par</span> <span class='ocrx_word' id='word_1_199' title='bbox 656 3731 680 3785; x_wconf 73' lang='lat' dir='ltr'>lu</span> <span class='ocrx_word' id='word_1_200' title='bbox 692 3733 764 3803; x_wconf 85' lang='lat' dir='ltr'>prise</span> <span class='ocrx_word' id='word_1_201' title='bbox 773 3731 808 3785; x_wconf 89' lang='lat' dir='ltr'>de</span> <span class='ocrx_word' id='word_1_202' title='bbox 817 3731 941 3786; x_wconf 75' lang='lat' dir='ltr'>Pelerme</span> <span class='ocrx_word' id='word_1_203' title='bbox 952 3750 1001 3785; x_wconf 79' lang='lat' dir='ltr'>snr</span> <span class='ocrx_word' id='word_1_204' title='bbox 1014 3733 1052 3786; x_wconf 83' lang='lat' dir='ltr'>les</span> <span class='ocrx_word' id='word_1_205' title='bbox 1064 3734 1129 3787; x_wconf 78' lang='lat' dir='ltr'>Sar·</span> 
     </span>
     <span class='ocr_line' id='line_1_31' title="bbox 69 3819 1129 3894; baseline -0.001 -17"><span class='ocrx_word' id='word_1_206' title='bbox 69 3842 149 3878; x_wconf 78' lang='lat' dir='ltr'>nnus</span> <span class='ocrx_word' id='word_1_207' title='bbox 159 3842 197 3875; x_wconf 80' lang='lat' dir='ltr'>eu</span> <span class='ocrx_word' id='word_1_208' title='bbox 211 3839 285 3894; x_wconf 76' lang='lat'><strong>¹⁰7¹·</strong></span> <span class='ocrx_word' id='word_1_209' title='bbox 299 3821 449 3874; x_wconf 67' lang='lat' dir='ltr'>[invasion</span> <span class='ocrx_word' id='word_1_210' title='bbox 463 3820 497 3873; x_wconf 86' lang='lat' dir='ltr'>de</span> <span class='ocrx_word' id='word_1_211' title='bbox 509 3821 611 3891; x_wconf 69' lang='lat' dir='ltr'>l&#39;llpire</span> <span class='ocrx_word' id='word_1_212' title='bbox 620 3832 667 3874; x_wconf 88' lang='lat' dir='ltr'>eut</span> <span class='ocrx_word' id='word_1_213' title='bbox 678 3819 733 3873; x_wconf 86' lang='lat' dir='ltr'>lieu</span> <span class='ocrx_word' id='word_1_214' title='bbox 746 3838 780 3873; x_wconf 84' lang='lat' dir='ltr'>en</span> <span class='ocrx_word' id='word_1_215' title='bbox 798 3820 872 3881; x_wconf 77' lang='lat'>1081.</span> <span class='ocrx_word' id='word_1_216' title='bbox 885 3830 912 3873; x_wconf 89' lang='lat' dir='ltr'>et</span> <span class='ocrx_word' id='word_1_217' title='bbox 926 3819 1017 3875; x_wconf 78' lang='lat' dir='ltr'>drmit</span> <span class='ocrx_word' id='word_1_218' title='bbox 1029 3841 1129 3876; x_wconf 84' lang='lat' dir='ltr'>encore</span> 
     </span>
     <span class='ocr_line' id='line_1_32' title="bbox 71 3908 1128 3985; baseline 0.004 -22"><span class='ocrx_word' id='word_1_219' title='bbox 71 3915 174 3985; x_wconf 66' lang='lat' dir='ltr'>tumme</span> <span class='ocrx_word' id='word_1_220' title='bbox 190 3910 297 3963; x_wconf 66' lang='lat' dir='ltr'>ltolert</span> <span class='ocrx_word' id='word_1_221' title='bbox 316 3921 428 3963; x_wconf 86' lang='lat' dir='ltr'>mourut</span> <span class='ocrx_word' id='word_1_222' title='bbox 442 3910 509 3963; x_wconf 73' lang='lat' dir='ltr'>dnus</span> <span class='ocrx_word' id='word_1_223' title='bbox 523 3910 576 3962; x_wconf 80' lang='lat' dir='ltr'>l&#39;ile</span> <span class='ocrx_word' id='word_1_224' title='bbox 593 3910 627 3963; x_wconf 90' lang='lat' dir='ltr'>de</span> <span class='ocrx_word' id='word_1_225' title='bbox 640 3909 825 3981; x_wconf 76' lang='lat' dir='ltr'>Cephalonie,</span> <span class='ocrx_word' id='word_1_226' title='bbox 845 3908 870 3963; x_wconf 89' lang='lat' dir='ltr'>le</span> <span class='ocrx_word' id='word_1_227' title='bbox 888 3928 916 3983; x_wconf 87' lang='lat'>¹7</span> <span class='ocrx_word' id='word_1_228' title='bbox 935 3909 1028 3981; x_wconf 78' lang='lat' dir='ltr'>juillet</span> <span class='ocrx_word' id='word_1_229' title='bbox 1049 3911 1128 3975; x_wconf 85' lang='lat'>1085,</span> 
     </span>
    </p>
   </div>
   <div class='ocr_carea' id='block_1_4' title="bbox 72 3999 1128 4071">
    <p class='ocr_par' dir='ltr' id='par_1_4' title="bbox 72 3999 1128 4071">
     <span class='ocr_line' id='line_1_33' title="bbox 72 3999 1128 4071; baseline 0.002 -19"><span class='ocrx_word' id='word_1_230' title='bbox 72 4002 173 4056; x_wconf 73' lang='lat' dir='ltr'>bunut</span> <span class='ocrx_word' id='word_1_231' title='bbox 188 4022 203 4053; x_wconf 71' lang='lat' dir='ltr'>a</span> <span class='ocrx_word' id='word_1_232' title='bbox 218 4019 267 4053; x_wconf 77' lang='lat' dir='ltr'>sou</span> <span class='ocrx_word' id='word_1_233' title='bbox 286 4000 326 4052; x_wconf 80' lang='lat' dir='ltr'>tils</span> <span class='ocrx_word' id='word_1_234' title='bbox 338 4002 399 4052; x_wconf 84' lang='lat' dir='ltr'>aine</span> <span class='ocrx_word' id='word_1_235' title='bbox 414 4000 551 4054; x_wconf 70' lang='lat' dir='ltr'>tuemond</span> <span class='ocrx_word' id='word_1_236' title='bbox 570 4000 593 4051; x_wconf 80' lang='lat' dir='ltr'>la</span> <span class='ocrx_word' id='word_1_237' title='bbox 610 4002 783 4071; x_wconf 69' lang='lat' dir='ltr'>principuute</span> <span class='ocrx_word' id='word_1_238' title='bbox 800 3999 835 4052; x_wconf 87' lang='lat' dir='ltr'>de</span> <span class='ocrx_word' id='word_1_239' title='bbox 851 4001 985 4063; x_wconf 71' lang='lat' dir='ltr'>Tarento,</span> <span class='ocrx_word' id='word_1_240' title='bbox 1003 4014 1030 4054; x_wconf 86' lang='lat' dir='ltr'>et</span> <span class='ocrx_word' id='word_1_241' title='bbox 1047 4008 1060 4054; x_wconf 78' lang='lat' dir='ltr'>&#39;a</span> <span class='ocrx_word' id='word_1_242' title='bbox 1080 4022 1128 4054; x_wconf 71' lang='lat' dir='ltr'>son</span> 
     </span>
    </p>
   </div>
   <div class='ocr_carea' id='block_1_5' title="bbox 74 4087 856 4154">
    <p class='ocr_par' dir='ltr' id='par_1_5' title="bbox 74 4087 856 4154">
     <span class='ocr_line' id='line_1_34' title="bbox 74 4087 856 4154; baseline 0.004 -16"><span class='ocrx_word' id='word_1_243' title='bbox 74 4090 162 4145; x_wconf 56' lang='lat' dir='ltr'>*risnel</span> <span class='ocrx_word' id='word_1_244' title='bbox 176 4090 217 4141; x_wconf 70' lang='lat' dir='ltr'>tile</span> <span class='ocrx_word' id='word_1_245' title='bbox 234 4087 326 4154; x_wconf 68' lang='lat' dir='ltr'>linger</span> <span class='ocrx_word' id='word_1_246' title='bbox 337 4088 360 4140; x_wconf 79' lang='lat' dir='ltr'>le</span> <span class='ocrx_word' id='word_1_247' title='bbox 374 4088 465 4141; x_wconf 81' lang='lat' dir='ltr'>durlie</span> <span class='ocrx_word' id='word_1_248' title='bbox 479 4089 512 4142; x_wconf 91' lang='lat' dir='ltr'>dc</span> <span class='ocrx_word' id='word_1_249' title='bbox 527 4088 632 4142; x_wconf 84' lang='lat' dir='ltr'>l&#39;ourlle</span> <span class='ocrx_word' id='word_1_250' title='bbox 645 4100 671 4141; x_wconf 90' lang='lat' dir='ltr'>et</span> <span class='ocrx_word' id='word_1_251' title='bbox 686 4088 720 4142; x_wconf 90' lang='lat' dir='ltr'>de</span> <span class='ocrx_word' id='word_1_252' title='bbox 733 4088 856 4144; x_wconf 71' lang='lat' dir='ltr'>Celebre.</span> 
     </span>
    </p>
   </div>
   <div class='ocr_carea' id='block_1_6' title="bbox 0 0 1406 5084">
    <p class='ocr_par' dir='ltr' id='par_1_6' title="bbox 0 0 1406 5084">
     <span class='ocr_line' id='line_1_35' title="bbox 0 0 1406 5084; baseline 0 0"><span class='ocrx_word' id='word_1_253' title='bbox 0 0 1406 5084; x_wconf 95' lang='lat' dir='ltr'> </span> 
     </span>
    </p>
   </div>
  </div>
 </body>
</html>
