<?xml version="1.0" encoding="UTF-8"?>
<!DOCTYPE html PUBLIC "-//W3C//DTD XHTML 1.0 Transitional//EN"
    "http://www.w3.org/TR/xhtml1/DTD/xhtml1-transitional.dtd">
<html xmlns="http://www.w3.org/1999/xhtml" xml:lang="en" lang="en">
 <head>
  <title>
</title>
<meta http-equiv="Content-Type" content="text/html;charset=utf-8" />
  <meta name='ocr-system' content='tesseract 3.04.00' />
  <meta name='ocr-capabilities' content='ocr_page ocr_carea ocr_par ocr_line ocrx_word'/>
</head>
<body>
  <div class='ocr_page' id='page_1' title='image "./ordericivitalis06deligoog/ordericivitalis06deligoog_0228.png"; bbox 0 0 2768 5094; ppageno 0'>
   <div class='ocr_carea' id='block_1_1' title="bbox 52 445 1128 526">
    <p class='ocr_par' dir='ltr' id='par_1_1' title="bbox 52 445 1128 526">
     <span class='ocr_line' id='line_1_1' title="bbox 52 445 1128 526; baseline 0.006 -19"><span class='ocrx_word' id='word_1_1' title='bbox 52 450 162 526; x_wconf 87' lang='lat'>[1071]</span> <span class='ocrx_word' id='word_1_2' title='bbox 429 445 544 506; x_wconf 74' lang='lat' dir='ltr'>erasa</span> <span class='ocrx_word' id='word_1_3' title='bbox 566 447 759 523; x_wconf 74' lang='lat' dir='ltr'>Quaeres.</span> <span class='ocrx_word' id='word_1_4' title='bbox 1067 455 1128 514; x_wconf 78' lang='lat' dir='ltr'>ars</span> 
     </span>
    </p>
   </div>
   <div class='ocr_carea' id='block_1_2' title="bbox 52 561 1149 4291">
    <p class='ocr_par' dir='ltr' id='par_1_2' title="bbox 52 561 1149 2507">
     <span class='ocr_line' id='line_1_2' title="bbox 52 561 1129 668; baseline 0.001 -29"><span class='ocrx_word' id='word_1_5' title='bbox 52 565 195 664; x_wconf 76' lang='lat' dir='ltr'>aliquot</span> <span class='ocrx_word' id='word_1_6' title='bbox 210 578 273 635; x_wconf 80' lang='lat' dir='ltr'>sut</span> <span class='ocrx_word' id='word_1_7' title='bbox 291 562 368 636; x_wconf 83' lang='lat' dir='ltr'>lom</span> <span class='ocrx_word' id='word_1_8' title='bbox 388 561 521 636; x_wconf 86' lang='lat' dir='ltr'>urbana</span> <span class='ocrx_word' id='word_1_9' title='bbox 539 565 686 638; x_wconf 79' lang='lat' dir='ltr'>Gallicis</span> <span class='ocrx_word' id='word_1_10' title='bbox 711 562 891 638; x_wconf 78' lang='lat' dir='ltr'>mercibus</span> <span class='ocrx_word' id='word_1_11' title='bbox 913 581 950 638; x_wconf 90' lang='lat' dir='ltr'>et</span> <span class='ocrx_word' id='word_1_12' title='bbox 974 593 1129 668; x_wconf 86' lang='lat' dir='ltr'>mango-</span> 
     </span>
     <span class='ocr_line' id='line_1_3' title="bbox 54 680 1149 786; baseline 0.007 -32"><span class='ocrx_word' id='word_1_13' title='bbox 54 680 166 754; x_wconf 85' lang='lat' dir='ltr'>nibus</span> <span class='ocrx_word' id='word_1_14' title='bbox 183 680 315 755; x_wconf 82' lang='lat' dir='ltr'>referta</span> <span class='ocrx_word' id='word_1_15' title='bbox 333 682 582 780; x_wconf 78' lang='lat' dir='ltr'>conspiceres,</span> <span class='ocrx_word' id='word_1_16' title='bbox 600 700 637 758; x_wconf 92' lang='lat' dir='ltr'>et</span> <span class='ocrx_word' id='word_1_17' title='bbox 654 682 790 783; x_wconf 92' lang='lat' dir='ltr'>ubique</span> <span class='ocrx_word' id='word_1_18' title='bbox 807 682 957 782; x_wconf 78' lang='lat' dir='ltr'>anglos,</span> <span class='ocrx_word' id='word_1_19' title='bbox 971 687 1034 786; x_wconf 92' lang='lat' dir='ltr'>qui</span> <span class='ocrx_word' id='word_1_20' title='bbox 1053 688 1149 786; x_wconf 78' lang='lat' dir='ltr'>pri·.</span> 
     </span>
     <span class='ocr_line' id='line_1_4' title="bbox 54 797 1129 900; baseline 0.001 -29"><span class='ocrx_word' id='word_1_21' title='bbox 54 797 140 871; x_wconf 89' lang='lat' dir='ltr'>dem</span> <span class='ocrx_word' id='word_1_22' title='bbox 154 797 290 869; x_wconf 85' lang='lat' dir='ltr'>amictu</span> <span class='ocrx_word' id='word_1_23' title='bbox 306 798 425 895; x_wconf 88' lang='lat' dir='ltr'>patrio</span> <span class='ocrx_word' id='word_1_24' title='bbox 440 801 576 898; x_wconf 85' lang='lat' dir='ltr'>compti</span> <span class='ocrx_word' id='word_1_25' title='bbox 596 799 811 873; x_wconf 86' lang='lat' dir='ltr'>videbantur</span> <span class='ocrx_word' id='word_1_26' title='bbox 824 800 969 872; x_wconf 81' lang='lat' dir='ltr'>Francis</span> <span class='ocrx_word' id='word_1_27' title='bbox 987 814 1129 900; x_wconf 85' lang='lat' dir='ltr'>turpes,</span> 
     </span>
     <span class='ocr_line' id='line_1_5' title="bbox 56 915 1132 1018; baseline 0.004 -31"><span class='ocrx_word' id='word_1_28' title='bbox 56 940 158 987; x_wconf 88' lang='lat' dir='ltr'>nuuc</span> <span class='ocrx_word' id='word_1_29' title='bbox 170 915 362 1016; x_wconf 73' lang='lat' dir='ltr'>peregrino</span> <span class='ocrx_word' id='word_1_30' title='bbox 377 917 480 990; x_wconf 90' lang='lat' dir='ltr'>cultu</span> <span class='ocrx_word' id='word_1_31' title='bbox 495 916 665 991; x_wconf 86' lang='lat' dir='ltr'>alteratos</span> <span class='ocrx_word' id='word_1_32' title='bbox 679 916 830 990; x_wconf 84' lang='lat' dir='ltr'>videres.</span> <span class='ocrx_word' id='word_1_33' title='bbox 847 917 964 992; x_wconf 90' lang='lat' dir='ltr'>Nemo</span> <span class='ocrx_word' id='word_1_34' title='bbox 978 917 1132 1018; x_wconf 81' lang='lat' dir='ltr'>praedari</span> 
     </span>
     <span class='ocr_line' id='line_1_6' title="bbox 55 1027 1134 1132; baseline 0.007 -30"><span class='ocrx_word' id='word_1_35' title='bbox 55 1027 230 1118; x_wconf 82' lang='lat' dir='ltr'>audebat,</span> <span class='ocrx_word' id='word_1_36' title='bbox 249 1029 309 1103; x_wconf 86' lang='lat' dir='ltr'>sed</span> <span class='ocrx_word' id='word_1_37' title='bbox 327 1031 575 1132; x_wconf 82' lang='lat' dir='ltr'>unusquisque</span> <span class='ocrx_word' id='word_1_38' title='bbox 593 1060 751 1105; x_wconf 81' lang='lat' dir='ltr'>suarum</span> <span class='ocrx_word' id='word_1_39' title='bbox 771 1047 851 1104; x_wconf 92' lang='lat' dir='ltr'>tuto</span> <span class='ocrx_word' id='word_1_40' title='bbox 867 1032 1028 1121; x_wconf 88' lang='lat' dir='ltr'>colebat,</span> <span class='ocrx_word' id='word_1_41' title='bbox 1046 1061 1134 1110; x_wconf 87' lang='lat' dir='ltr'>suo-</span> 
     </span>
     <span class='ocr_line' id='line_1_7' title="bbox 54 1148 1136 1249; baseline 0.006 -30"><span class='ocrx_word' id='word_1_42' title='bbox 54 1174 129 1247; x_wconf 86' lang='lat' dir='ltr'>que</span> <span class='ocrx_word' id='word_1_43' title='bbox 148 1148 309 1245; x_wconf 87' lang='lat' dir='ltr'>compari</span> <span class='ocrx_word' id='word_1_44' title='bbox 332 1149 416 1244; x_wconf 88' lang='lat' dir='ltr'>(sed</span> <span class='ocrx_word' id='word_1_45' title='bbox 438 1175 513 1221; x_wconf 90' lang='lat' dir='ltr'>non</span> <span class='ocrx_word' id='word_1_46' title='bbox 532 1149 765 1249; x_wconf 89' lang='lat' dir='ltr'>perlongum</span> <span class='ocrx_word' id='word_1_47' title='bbox 785 1150 948 1248; x_wconf 88' lang='lat' dir='ltr'>tempus)</span> <span class='ocrx_word' id='word_1_48' title='bbox 972 1150 1136 1226; x_wconf 76' lang='lat' dir='ltr'>bilariter</span> 
     </span>
     <span class='ocr_line' id='line_1_8' title="bbox 54 1261 1133 1366; baseline 0.007 -32"><span class='ocrx_word' id='word_1_49' title='bbox 54 1261 307 1363; x_wconf 76' lang='lat' dir='ltr'><strong>applaudebat.</strong></span> <span class='ocrx_word' id='word_1_50' title='bbox 329 1265 356 1336; x_wconf 81' lang='lat' dir='ltr'>F</span> <span class='ocrx_word' id='word_1_51' title='bbox 360 1262 480 1338; x_wconf 89' lang='lat' dir='ltr'>iebant</span> <span class='ocrx_word' id='word_1_52' title='bbox 503 1281 538 1338; x_wconf 89' lang='lat' dir='ltr'>et</span> <span class='ocrx_word' id='word_1_53' title='bbox 561 1266 821 1366; x_wconf 88' lang='lat' dir='ltr'>reparabantur</span> <span class='ocrx_word' id='word_1_54' title='bbox 838 1265 1016 1355; x_wconf 75' lang='lat' dir='ltr'>basilicae,</span> <span class='ocrx_word' id='word_1_55' title='bbox 1036 1284 1073 1342; x_wconf 90' lang='lat' dir='ltr'>et</span> <span class='ocrx_word' id='word_1_56' title='bbox 1095 1270 1133 1342; x_wconf 88' lang='lat' dir='ltr'>in</span> 
     </span>
     <span class='ocr_line' id='line_1_9' title="bbox 56 1381 1133 1484; baseline 0.004 -29"><span class='ocrx_word' id='word_1_57' title='bbox 56 1383 108 1455; x_wconf 88' lang='lat' dir='ltr'>eis</span> <span class='ocrx_word' id='word_1_58' title='bbox 134 1383 223 1455; x_wconf 83' lang='lat' dir='ltr'>sacri</span> <span class='ocrx_word' id='word_1_59' title='bbox 247 1397 409 1458; x_wconf 85' lang='lat' dir='ltr'>oratores</span> <span class='ocrx_word' id='word_1_60' title='bbox 433 1381 646 1484; x_wconf 84' lang='lat' dir='ltr'>obsequium</span> <span class='ocrx_word' id='word_1_61' title='bbox 664 1382 858 1465; x_wconf 79' lang='lat' dir='ltr'><strong>studebant</strong></span> <span class='ocrx_word' id='word_1_62' title='bbox 875 1384 950 1460; x_wconf 82' lang='lat' dir='ltr'>Deo</span> <span class='ocrx_word' id='word_1_63' title='bbox 968 1384 1133 1459; x_wconf 90' lang='lat' dir='ltr'>debitum</span> 
     </span>
     <span class='ocr_line' id='line_1_10' title="bbox 56 1499 1134 1604; baseline 0.004 -32"><span class='ocrx_word' id='word_1_64' title='bbox 56 1499 276 1598; x_wconf 76' lang='lat' dir='ltr'>persolvere.</span> <span class='ocrx_word' id='word_1_65' title='bbox 298 1501 463 1600; x_wconf 83' lang='lat' dir='ltr'>Regnaus</span> <span class='ocrx_word' id='word_1_66' title='bbox 482 1502 518 1574; x_wconf 91' lang='lat' dir='ltr'>in</span> <span class='ocrx_word' id='word_1_67' title='bbox 534 1529 617 1601; x_wconf 86' lang='lat' dir='ltr'>rege</span> <span class='ocrx_word' id='word_1_68' title='bbox 633 1502 817 1602; x_wconf 79' lang='lat' dir='ltr'>diligentia</span> <span class='ocrx_word' id='word_1_69' title='bbox 837 1500 923 1575; x_wconf 87' lang='lat' dir='ltr'>boni</span> <span class='ocrx_word' id='word_1_70' title='bbox 943 1500 1134 1604; x_wconf 77' lang='lat' dir='ltr'>vigilabat,</span> 
     </span>
     <span class='ocr_line' id='line_1_11' title="bbox 55 1616 1132 1717; baseline 0.005 -28"><span class='ocrx_word' id='word_1_71' title='bbox 55 1634 94 1689; x_wconf 84' lang='lat' dir='ltr'>et</span> <span class='ocrx_word' id='word_1_72' title='bbox 110 1642 360 1717; x_wconf 87' lang='lat' dir='ltr'>quoscumque</span> <span class='ocrx_word' id='word_1_73' title='bbox 386 1632 529 1716; x_wconf 87' lang='lat' dir='ltr'>poterat</span> <span class='ocrx_word' id='word_1_74' title='bbox 547 1619 730 1692; x_wconf 79' lang='lat' dir='ltr'><strong>ferventer</strong></span> <span class='ocrx_word' id='word_1_75' title='bbox 753 1618 797 1691; x_wconf 90' lang='lat' dir='ltr'>ad</span> <span class='ocrx_word' id='word_1_76' title='bbox 820 1616 915 1693; x_wconf 91' lang='lat' dir='ltr'>bona</span> <span class='ocrx_word' id='word_1_77' title='bbox 940 1618 1132 1694; x_wconf 80' lang='lat' dir='ltr'>excitabat.</span> 
     </span>
     <span class='ocr_line' id='line_1_12' title="bbox 54 1732 1136 1835; baseline 0.004 -30"><span class='ocrx_word' id='word_1_78' title='bbox 54 1732 245 1832; x_wconf 80' lang='lat' dir='ltr'>Anglicam</span> <span class='ocrx_word' id='word_1_79' title='bbox 264 1732 487 1806; x_wconf 88' lang='lat' dir='ltr'>locutionem</span> <span class='ocrx_word' id='word_1_80' title='bbox 508 1733 722 1835; x_wconf 90' lang='lat' dir='ltr'>plerumque</span> <span class='ocrx_word' id='word_1_81' title='bbox 741 1737 868 1833; x_wconf 82' lang='lat' dir='ltr'>sategit</span> <span class='ocrx_word' id='word_1_82' title='bbox 890 1735 1066 1824; x_wconf 79' lang='lat' dir='ltr'>ediscere,</span> <span class='ocrx_word' id='word_1_83' title='bbox 1094 1753 1136 1809; x_wconf 94' lang='lat' dir='ltr'>ut</span> 
     </span>
     <span class='ocr_line' id='line_1_13' title="bbox 55 1850 1135 1951; baseline 0.004 -30"><span class='ocrx_word' id='word_1_84' title='bbox 55 1850 135 1923; x_wconf 88' lang='lat' dir='ltr'>sine</span> <span class='ocrx_word' id='word_1_85' title='bbox 152 1856 352 1950; x_wconf 79' lang='lat' dir='ltr'>interprete</span> <span class='ocrx_word' id='word_1_86' title='bbox 368 1851 550 1951; x_wconf 89' lang='lat' dir='ltr'>querelam</span> <span class='ocrx_word' id='word_1_87' title='bbox 566 1850 737 1949; x_wconf 74' lang='lat' dir='ltr'>subjectae</span> <span class='ocrx_word' id='word_1_88' title='bbox 755 1853 872 1950; x_wconf 91' lang='lat' dir='ltr'>geutis</span> <span class='ocrx_word' id='word_1_89' title='bbox 888 1868 1008 1950; x_wconf 84' lang='lat' dir='ltr'>posset</span> <span class='ocrx_word' id='word_1_90' title='bbox 1027 1853 1135 1927; x_wconf 84' lang='lat' dir='ltr'>iutel-</span> 
     </span>
     <span class='ocr_line' id='line_1_14' title="bbox 57 1967 1137 2069; baseline 0.006 -32"><span class='ocrx_word' id='word_1_91' title='bbox 57 1967 169 2065; x_wconf 89' lang='lat' dir='ltr'>ligere</span> <span class='ocrx_word' id='word_1_92' title='bbox 178 2021 188 2053; x_wconf 96' lang='lat'>,</span> <span class='ocrx_word' id='word_1_93' title='bbox 203 1982 239 2039; x_wconf 89' lang='lat' dir='ltr'>et</span> <span class='ocrx_word' id='word_1_94' title='bbox 256 1968 342 2039; x_wconf 82' lang='lat' dir='ltr'>scita</span> <span class='ocrx_word' id='word_1_95' title='bbox 358 1967 585 2040; x_wconf 79' lang='lat' dir='ltr'>rectitudinis</span> <span class='ocrx_word' id='word_1_96' title='bbox 599 1969 796 2069; x_wconf 90' lang='lat' dir='ltr'>uuicuique</span> <span class='ocrx_word' id='word_1_97' title='bbox 813 1970 946 2068; x_wconf 88' lang='lat' dir='ltr'>(prout</span> <span class='ocrx_word' id='word_1_98' title='bbox 959 1971 1053 2043; x_wconf 88' lang='lat' dir='ltr'>ratio</span> <span class='ocrx_word' id='word_1_99' title='bbox 1065 1968 1137 2043; x_wconf 88' lang='lat' dir='ltr'>dic·</span> 
     </span>
     <span class='ocr_line' id='line_1_15' title="bbox 57 2083 1136 2184; baseline 0.003 -29"><span class='ocrx_word' id='word_1_100' title='bbox 57 2084 174 2179; x_wconf 81' lang='lat' dir='ltr'>taret)</span> <span class='ocrx_word' id='word_1_101' title='bbox 193 2083 385 2157; x_wconf 81' lang='lat' dir='ltr'>affectuose</span> <span class='ocrx_word' id='word_1_102' title='bbox 401 2083 626 2183; x_wconf 87' lang='lat' dir='ltr'>depromere.</span> <span class='ocrx_word' id='word_1_103' title='bbox 647 2085 743 2156; x_wconf 81' lang='lat' dir='ltr'>Asta</span> <span class='ocrx_word' id='word_1_104' title='bbox 757 2085 992 2184; x_wconf 85' lang='lat' dir='ltr'>perceptione</span> <span class='ocrx_word' id='word_1_105' title='bbox 1010 2083 1136 2184; x_wconf 78' lang='lat' dir='ltr'>bujtu·</span> 
     </span>
     <span class='ocr_line' id='line_1_16' title="bbox 55 2198 1135 2298; baseline 0.003 -25"><span class='ocrx_word' id='word_1_106' title='bbox 55 2201 155 2273; x_wconf 84' lang='lat' dir='ltr'>modi</span> <span class='ocrx_word' id='word_1_107' title='bbox 187 2199 353 2274; x_wconf 89' lang='lat' dir='ltr'>lectionis</span> <span class='ocrx_word' id='word_1_108' title='bbox 384 2199 512 2274; x_wconf 89' lang='lat' dir='ltr'>durior</span> <span class='ocrx_word' id='word_1_109' title='bbox 542 2214 628 2273; x_wconf 73' lang='lat' dir='ltr'>retas</span> <span class='ocrx_word' id='word_1_110' title='bbox 658 2201 761 2273; x_wconf 91' lang='lat' dir='ltr'>illum</span> <span class='ocrx_word' id='word_1_111' title='bbox 791 2198 1066 2298; x_wconf 86' lang='lat' dir='ltr'>compescebat,</span> <span class='ocrx_word' id='word_1_112' title='bbox 1097 2217 1135 2276; x_wconf 86' lang='lat' dir='ltr'>et</span> 
     </span>
     <span class='ocr_line' id='line_1_17' title="bbox 57 2314 1136 2417; baseline 0.006 -31"><span class='ocrx_word' id='word_1_113' title='bbox 57 2314 236 2389; x_wconf 86' lang='lat' dir='ltr'>tumultus</span> <span class='ocrx_word' id='word_1_114' title='bbox 254 2316 552 2390; x_wconf 86' lang='lat' dir='ltr'>multimodarum</span> <span class='ocrx_word' id='word_1_115' title='bbox 571 2317 852 2417; x_wconf 86' lang='lat' dir='ltr'>occupationum</span> <span class='ocrx_word' id='word_1_116' title='bbox 870 2315 994 2390; x_wconf 85' lang='lat' dir='ltr'>adalia</span> <span class='ocrx_word' id='word_1_117' title='bbox 1014 2340 1136 2392; x_wconf 77' lang='lat' dir='ltr'>necca-</span> 
     </span>
     <span class='ocr_line' id='line_1_18' title="bbox 56 2431 385 2507; baseline 0.006 -3"><span class='ocrx_word' id='word_1_118' title='bbox 56 2434 152 2507; x_wconf 81' lang='lat' dir='ltr'>saric</span> <span class='ocrx_word' id='word_1_119' title='bbox 169 2431 385 2506; x_wconf 84' lang='lat' dir='ltr'>attrahebat.</span> 
     </span>
    </p>

    <p class='ocr_par' dir='ltr' id='par_1_3' title="bbox 55 2550 1135 4291">
     <span class='ocr_line' id='line_1_19' title="bbox 108 2550 1135 2652; baseline 0.004 -29"><span class='ocrx_word' id='word_1_120' title='bbox 108 2550 259 2639; x_wconf 82' lang='lat' dir='ltr'>Verum,</span> <span class='ocrx_word' id='word_1_121' title='bbox 269 2553 352 2652; x_wconf 82' lang='lat' dir='ltr'>quia</span> <span class='ocrx_word' id='word_1_122' title='bbox 363 2551 888 2650; x_wconf 73' lang='lat' dir='ltr'>bumanigenerisadversarius</span> <span class='ocrx_word' id='word_1_123' title='bbox 896 2553 1135 2652; x_wconf 80' lang='lat' dir='ltr'>tanquamlco</span> 
     </span>
     <span class='ocr_line' id='line_1_20' title="bbox 57 2668 1133 2770; baseline 0.002 -30"><span class='ocrx_word' id='word_1_124' title='bbox 57 2670 203 2766; x_wconf 81' lang='lat' dir='ltr'>rugiens</span> <span class='ocrx_word' id='word_1_125' title='bbox 216 2683 348 2742; x_wconf 79' lang='lat' dir='ltr'>temam</span> <span class='ocrx_word' id='word_1_126' title='bbox 363 2669 552 2756; x_wconf 88' lang='lat' dir='ltr'>circumit,</span> <span class='ocrx_word' id='word_1_127' title='bbox 572 2695 739 2770; x_wconf 85' lang='lat' dir='ltr'>quaerens</span> <span class='ocrx_word' id='word_1_128' title='bbox 753 2695 863 2768; x_wconf 86' lang='lat' dir='ltr'>quem</span> <span class='ocrx_word' id='word_1_129' title='bbox 876 2668 985 2741; x_wconf 89' lang='lat' dir='ltr'>dente</span> <span class='ocrx_word' id='word_1_130' title='bbox 999 2669 1133 2742; x_wconf 87' lang='lat' dir='ltr'>crude-</span> 
     </span>
     <span class='ocr_line' id='line_1_21' title="bbox 57 2783 1133 2884; baseline 0.003 -26"><span class='ocrx_word' id='word_1_131' title='bbox 57 2787 169 2858; x_wconf 84' lang='lat' dir='ltr'>litatis</span> <span class='ocrx_word' id='word_1_132' title='bbox 178 2811 253 2863; x_wconf 77' lang='lat' dir='ltr'>suae</span> <span class='ocrx_word' id='word_1_133' title='bbox 271 2786 518 2858; x_wconf 87' lang='lat' dir='ltr'>comminuere</span> <span class='ocrx_word' id='word_1_134' title='bbox 535 2786 664 2884; x_wconf 82' lang='lat' dir='ltr'>possit,</span> <span class='ocrx_word' id='word_1_135' title='bbox 686 2787 818 2857; x_wconf 81' lang='lat' dir='ltr'>iterum</span> <span class='ocrx_word' id='word_1_136' title='bbox 832 2792 956 2883; x_wconf 85' lang='lat' dir='ltr'>iugens</span> <span class='ocrx_word' id='word_1_137' title='bbox 971 2783 1133 2861; x_wconf 82' lang='lat' dir='ltr'>turbatio</span> 
     </span>
     <span class='ocr_line' id='line_1_22' title="bbox 57 2900 1131 3002; baseline -0.001 -26"><span class='ocrx_word' id='word_1_138' title='bbox 57 2903 183 3000; x_wconf 79' lang='lat' dir='ltr'>Anglis</span> <span class='ocrx_word' id='word_1_139' title='bbox 204 2903 324 2975; x_wconf 90' lang='lat' dir='ltr'>oritur</span> <span class='ocrx_word' id='word_1_140' title='bbox 343 2916 451 3002; x_wconf 84' lang='lat' dir='ltr'>atque</span> <span class='ocrx_word' id='word_1_141' title='bbox 473 2902 714 2988; x_wconf 81' lang='lat' dir='ltr'>Normannis,</span> <span class='ocrx_word' id='word_1_142' title='bbox 738 2915 845 3000; x_wconf 86' lang='lat' dir='ltr'>atque</span> <span class='ocrx_word' id='word_1_143' title='bbox 863 2900 908 2973; x_wconf 87' lang='lat' dir='ltr'>ad</span> <span class='ocrx_word' id='word_1_144' title='bbox 928 2900 1131 2975; x_wconf 87' lang='lat' dir='ltr'>multorum</span> 
     </span>
     <span class='ocr_line' id='line_1_23' title="bbox 56 3017 1131 3120; baseline 0.002 -29"><span class='ocrx_word' id='word_1_145' title='bbox 56 3020 318 3093; x_wconf 89' lang='lat' dir='ltr'>detrimentum</span> <span class='ocrx_word' id='word_1_146' title='bbox 330 3018 393 3090; x_wconf 93' lang='lat' dir='ltr'>diu</span> <span class='ocrx_word' id='word_1_147' title='bbox 407 3020 541 3120; x_wconf 88' lang='lat' dir='ltr'>perlida</span> <span class='ocrx_word' id='word_1_148' title='bbox 554 3021 655 3092; x_wconf 58' lang='lat' dir='ltr'>saevit</span> <span class='ocrx_word' id='word_1_149' title='bbox 669 3019 844 3119; x_wconf 84' lang='lat' dir='ltr'>Erinnys.</span> <span class='ocrx_word' id='word_1_150' title='bbox 858 3017 947 3090; x_wconf 85' lang='lat' dir='ltr'>Nam</span> <span class='ocrx_word' id='word_1_151' title='bbox 959 3045 1020 3091; x_wconf 83' lang='lat' dir='ltr'>rex</span> <span class='ocrx_word' id='word_1_152' title='bbox 1031 3018 1131 3093; x_wconf 89' lang='lat' dir='ltr'>Guil-</span> 
     </span>
     <span class='ocr_line' id='line_1_24' title="bbox 58 3135 1131 3235; baseline 0 -25"><span class='ocrx_word' id='word_1_153' title='bbox 58 3137 185 3210; x_wconf 88' lang='lat' dir='ltr'>lelmus</span> <span class='ocrx_word' id='word_1_154' title='bbox 201 3137 354 3210; x_wconf 85' lang='lat' dir='ltr'>consilio</span> <span class='ocrx_word' id='word_1_155' title='bbox 373 3163 569 3235; x_wconf 82' lang='lat' dir='ltr'>pravorum</span> <span class='ocrx_word' id='word_1_156' title='bbox 587 3136 678 3210; x_wconf 85' lang='lat' dir='ltr'>male</span> <span class='ocrx_word' id='word_1_157' title='bbox 695 3163 797 3221; x_wconf 80' lang='lat' dir='ltr'>mus,</span> <span class='ocrx_word' id='word_1_158' title='bbox 818 3135 911 3208; x_wconf 88' lang='lat' dir='ltr'>laudi</span> <span class='ocrx_word' id='word_1_159' title='bbox 933 3163 1006 3209; x_wconf 82' lang='lat' dir='ltr'>suae</span> <span class='ocrx_word' id='word_1_160' title='bbox 1026 3136 1131 3210; x_wconf 78' lang='lat' dir='ltr'>dam·</span> 
     </span>
     <span class='ocr_line' id='line_1_25' title="bbox 56 3252 1129 3353; baseline 0.001 -26"><span class='ocrx_word' id='word_1_161' title='bbox 56 3281 145 3327; x_wconf 86' lang='lat' dir='ltr'>num</span> <span class='ocrx_word' id='word_1_162' title='bbox 175 3254 338 3353; x_wconf 78' lang='lat' dir='ltr'>ingessit,</span> <span class='ocrx_word' id='word_1_163' title='bbox 364 3253 451 3327; x_wconf 91' lang='lat' dir='ltr'>dum</span> <span class='ocrx_word' id='word_1_164' title='bbox 480 3253 729 3327; x_wconf 79' lang='lat' dir='ltr'>fraudulenter</span> <span class='ocrx_word' id='word_1_165' title='bbox 759 3252 937 3352; x_wconf 85' lang='lat' dir='ltr'>inclytum</span> <span class='ocrx_word' id='word_1_166' title='bbox 957 3255 1129 3328; x_wconf 84' lang='lat' dir='ltr'>comitem</span> 
     </span>
     <span class='ocr_line' id='line_1_26' title="bbox 56 3367 1130 3468; baseline 0.002 -24"><span class='ocrx_word' id='word_1_167' title='bbox 56 3373 267 3447; x_wconf 83' lang='lat' dir='ltr'>lllorcarum</span> <span class='ocrx_word' id='word_1_168' title='bbox 281 3371 319 3445; x_wconf 92' lang='lat' dir='ltr'>in</span> <span class='ocrx_word' id='word_1_169' title='bbox 333 3371 467 3445; x_wconf 83' lang='lat' dir='ltr'>Elieusi</span> <span class='ocrx_word' id='word_1_170' title='bbox 488 3371 603 3444; x_wconf 85' lang='lat' dir='ltr'>insula</span> <span class='ocrx_word' id='word_1_171' title='bbox 618 3368 817 3457; x_wconf 84' lang='lat' dir='ltr'>conclusit,</span> <span class='ocrx_word' id='word_1_172' title='bbox 834 3367 974 3468; x_wconf 83' lang='lat' dir='ltr'>sibique</span> <span class='ocrx_word' id='word_1_173' title='bbox 990 3369 1130 3446; x_wconf 84' lang='lat' dir='ltr'>confoe-</span> 
     </span>
     <span class='ocr_line' id='line_1_27' title="bbox 55 3485 1131 3585; baseline 0.004 -25"><span class='ocrx_word' id='word_1_174' title='bbox 55 3488 240 3573; x_wconf 82' lang='lat' dir='ltr'>deratum,</span> <span class='ocrx_word' id='word_1_175' title='bbox 264 3503 301 3559; x_wconf 92' lang='lat' dir='ltr'>et</span> <span class='ocrx_word' id='word_1_176' title='bbox 326 3488 376 3562; x_wconf 89' lang='lat' dir='ltr'>nil</span> <span class='ocrx_word' id='word_1_177' title='bbox 403 3487 486 3559; x_wconf 85' lang='lat' dir='ltr'>mali</span> <span class='ocrx_word' id='word_1_178' title='bbox 516 3485 782 3559; x_wconf 85' lang='lat' dir='ltr'>machinantem</span> <span class='ocrx_word' id='word_1_179' title='bbox 810 3485 865 3558; x_wconf 82' lang='lat' dir='ltr'>vel</span> <span class='ocrx_word' id='word_1_180' title='bbox 890 3488 1131 3585; x_wconf 76' lang='lat' dir='ltr'>suspicantem</span> 
     </span>
     <span class='ocr_line' id='line_1_28' title="bbox 57 3603 1132 3704; baseline 0.004 -27"><span class='ocrx_word' id='word_1_181' title='bbox 57 3603 212 3677; x_wconf 81' lang='lat' dir='ltr'>obsedit.</span> <span class='ocrx_word' id='word_1_182' title='bbox 234 3604 447 3704; x_wconf 72' lang='lat' dir='ltr'>versipelles</span> <span class='ocrx_word' id='word_1_183' title='bbox 467 3621 588 3677; x_wconf 89' lang='lat' dir='ltr'>autem</span> <span class='ocrx_word' id='word_1_184' title='bbox 612 3605 786 3677; x_wconf 89' lang='lat' dir='ltr'>intereos</span> <span class='ocrx_word' id='word_1_185' title='bbox 808 3605 927 3676; x_wconf 90' lang='lat' dir='ltr'>nuntii</span> <span class='ocrx_word' id='word_1_186' title='bbox 948 3603 1132 3681; x_wconf 82' lang='lat' dir='ltr'>discurre-</span> 
     </span>
     <span class='ocr_line' id='line_1_29' title="bbox 57 3719 1127 3821; baseline 0.001 -29"><span class='ocrx_word' id='word_1_187' title='bbox 57 3737 168 3811; x_wconf 88' lang='lat' dir='ltr'>ruut,</span> <span class='ocrx_word' id='word_1_188' title='bbox 187 3736 223 3793; x_wconf 89' lang='lat' dir='ltr'>et</span> <span class='ocrx_word' id='word_1_189' title='bbox 245 3719 406 3795; x_wconf 85' lang='lat' dir='ltr'>dolosam</span> <span class='ocrx_word' id='word_1_190' title='bbox 425 3719 673 3796; x_wconf 85' lang='lat' dir='ltr'>conditionem</span> <span class='ocrx_word' id='word_1_191' title='bbox 698 3722 865 3821; x_wconf 85' lang='lat' dir='ltr'>nequiter</span> <span class='ocrx_word' id='word_1_192' title='bbox 887 3721 1127 3821; x_wconf 85' lang='lat' dir='ltr'>pepigerunt:</span> 
     </span>
     <span class='ocr_line' id='line_1_30' title="bbox 56 3836 1133 3941; baseline 0.004 -32"><span class='ocrx_word' id='word_1_193' title='bbox 56 3838 194 3910; x_wconf 84' lang='lat' dir='ltr'>scilicet</span> <span class='ocrx_word' id='word_1_194' title='bbox 217 3853 257 3911; x_wconf 91' lang='lat' dir='ltr'>ut</span> <span class='ocrx_word' id='word_1_195' title='bbox 276 3866 313 3912; x_wconf 84' lang='lat' dir='ltr'>se</span> <span class='ocrx_word' id='word_1_196' title='bbox 331 3866 450 3912; x_wconf 87' lang='lat' dir='ltr'>comes</span> <span class='ocrx_word' id='word_1_197' title='bbox 471 3841 545 3938; x_wconf 85' lang='lat' dir='ltr'>regi</span> <span class='ocrx_word' id='word_1_198' title='bbox 570 3836 752 3923; x_wconf 85' lang='lat' dir='ltr'>redderet,</span> <span class='ocrx_word' id='word_1_199' title='bbox 778 3864 933 3937; x_wconf 83' lang='lat' dir='ltr'>eumque</span> <span class='ocrx_word' id='word_1_200' title='bbox 957 3866 1019 3913; x_wconf 79' lang='lat' dir='ltr'>rex</span> <span class='ocrx_word' id='word_1_201' title='bbox 1038 3842 1133 3941; x_wconf 79' lang='lat' dir='ltr'>paci·</span> 
     </span>
     <span class='ocr_line' id='line_1_31' title="bbox 58 3952 1132 4057; baseline 0.003 -30"><span class='ocrx_word' id='word_1_202' title='bbox 58 3956 125 4027; x_wconf 81' lang='lat' dir='ltr'>lice.</span> <span class='ocrx_word' id='word_1_203' title='bbox 142 3969 182 4026; x_wconf 92' lang='lat' dir='ltr'>ut</span> <span class='ocrx_word' id='word_1_204' title='bbox 202 3953 312 4027; x_wconf 81' lang='lat' dir='ltr'>lidum</span> <span class='ocrx_word' id='word_1_205' title='bbox 332 3957 488 4027; x_wconf 89' lang='lat' dir='ltr'>amicum</span> <span class='ocrx_word' id='word_1_206' title='bbox 509 3957 716 4055; x_wconf 86' lang='lat' dir='ltr'>susciperet.</span> <span class='ocrx_word' id='word_1_207' title='bbox 737 3952 906 4026; x_wconf 82' lang='lat' dir='ltr'>Obsessus</span> <span class='ocrx_word' id='word_1_208' title='bbox 923 3981 1052 4057; x_wconf 89' lang='lat' dir='ltr'>nempe</span> <span class='ocrx_word' id='word_1_209' title='bbox 1068 3957 1132 4030; x_wconf 90' lang='lat' dir='ltr'>diu</span> 
     </span>
     <span class='ocr_line' id='line_1_32' title="bbox 59 4070 1133 4172; baseline 0.005 -27"><span class='ocrx_word' id='word_1_210' title='bbox 59 4088 201 4172; x_wconf 78' lang='lat' dir='ltr'>poterat</span> <span class='ocrx_word' id='word_1_211' title='bbox 230 4098 303 4145; x_wconf 84' lang='lat' dir='ltr'>sese</span> <span class='ocrx_word' id='word_1_212' title='bbox 331 4071 464 4146; x_wconf 91' lang='lat' dir='ltr'>ibidem</span> <span class='ocrx_word' id='word_1_213' title='bbox 488 4070 796 4145; x_wconf 83' lang='lat' dir='ltr'>imccessibilitate</span> <span class='ocrx_word' id='word_1_214' title='bbox 824 4071 893 4146; x_wconf 86' lang='lat' dir='ltr'>loci</span> <span class='ocrx_word' id='word_1_215' title='bbox 922 4070 1133 4165; x_wconf 78' lang='lat' dir='ltr'>defendere,</span> 
     </span>
     <span class='ocr_line' id='line_1_33' title="bbox 59 4187 1134 4291; baseline 0.006 -32"><span class='ocrx_word' id='word_1_216' title='bbox 59 4205 120 4261; x_wconf 80' lang='lat' dir='ltr'>aut</span> <span class='ocrx_word' id='word_1_217' title='bbox 135 4191 246 4264; x_wconf 72' lang='lat' dir='ltr'>trimis</span> <span class='ocrx_word' id='word_1_218' title='bbox 261 4191 295 4263; x_wconf 78' lang='lat' dir='ltr'>vi</span> <span class='ocrx_word' id='word_1_219' title='bbox 310 4189 511 4279; x_wconf 85' lang='lat' dir='ltr'>accidente,</span> <span class='ocrx_word' id='word_1_220' title='bbox 528 4219 592 4291; x_wconf 81' lang='lat' dir='ltr'>per</span> <span class='ocrx_word' id='word_1_221' title='bbox 604 4188 859 4265; x_wconf 80' lang='lat' dir='ltr'>circumfluens</span> <span class='ocrx_word' id='word_1_222' title='bbox 873 4187 1009 4265; x_wconf 82' lang='lat' dir='ltr'>llumeu</span> <span class='ocrx_word' id='word_1_223' title='bbox 1022 4216 1134 4291; x_wconf 83' lang='lat' dir='ltr'>usque</span> 
     </span>
    </p>
   </div>
   <div class='ocr_carea' id='block_1_3' title="bbox 0 0 1393 5094">
    <p class='ocr_par' dir='ltr' id='par_1_4' title="bbox 0 0 1393 5094">
     <span class='ocr_line' id='line_1_34' title="bbox 0 0 1393 5094; baseline 0 0"><span class='ocrx_word' id='word_1_224' title='bbox 0 0 1393 5094; x_wconf 95' lang='lat' dir='ltr'> </span> 
     </span>
    </p>
   </div>
  </div>
 </body>
</html>
