2768 5094
277 359 337 420 436
552 352 734 415 HISTORIA
757 350 1060 416 ucctmttsttct.

276 478 420 579 pultum
430 490 497 550 est.
511 473 589 547 illic
601 473 676 548 duo
688 472 754 546 filii
768 475 841 571 ejus
858 503 867 544 ε
881 472 987 573 Hugo
997 486 1035 547 et
1047 470 1242 556 liudulfus,
1261 496 1333 543 cum

276 593 418 667 Adelim
435 607 550 665 matre
569 617 631 663 sua
648 589 848 679 affuerunt,
869 605 905 663 et
917 615 967 678 se,
989 604 1027 663 et
1046 586 1228 691 quidquid
1243 603 1334 688 peter

276 739 402 786 eorum
415 710 559 785 dederat
570 711 605 784 S.
624 708 794 797 Ebrulio,
814 706 971 783 libenter
984 721 1264 794 concesserunt,
1277 733 1334 781 co-

276 856 354 901 ram
368 829 490 901 multis
510 826 673 916 testibus,
693 827 755 927 qui
767 825 810 899 ad
827 826 1106 900 tumulationem
1120 826 1213 899 tanti
1232 824 1335 899 bam-

275 947 332 1043 uis
342 960 602 1019 convenerunt.
616 946 700 1016 Post
709 967 823 1016 annos
835 941 911 1016 sere
924 967 1013 1030 xxx,
1027 943 1135 1042 liugn
1146 941 1194 1015 de
1202 941 1337 1016 Monte·

276 1063 459 1136 Pincionis
471 1062 672 1159 spirituales
683 1060 808 1134 fratres
820 1086 903 1133 suos
912 1061 1054 1135 visitare
1063 1060 1218 1134 Uticam
1226 1061 1336 1143 veuit,

275 1206 466 1280 secumque
482 1177 677 1251 Raduifum
694 1177 978 1276 primogenitum
996 1204 1103 1249 suum
1120 1174 1292 1263 adduxit,
1308 1193 1339 1248 et

276 1294 488 1370 Mathiidem
512 1321 662 1370 uxorem
686 1322 811 1387 suam,
829 1322 912 1395 quoe
929 1296 1092 1396 lingonis
1115 1294 1162 1369 de
1185 1292 1338 1368 Goente-

275 1412 416 1486 maisnil
436 1411 509 1485 fitia
527 1427 623 1498 erat,
651 1437 885 1513 sororemque
903 1426 1002 1485 susm
1020 1411 1213 1486 Adeliusm
1234 1439 1341 1513 nuper

275 1528 481 1603 defunctam
491 1526 714 1630 ingebat(s).
725 1530 829 1601 Tunc
838 1529 1341 1631 Hugofrateruitatemmom·

275 1642 446 1733 chorum,
460 1670 568 1744 quam
584 1642 673 1716 olim
690 1644 728 1716 in
747 1642 895 1717 infantia
910 1660 1114 1744 acceperat,
1134 1645 1337 1728 renovavit,

274 1786 407 1861 eosque
426 1778 466 1834 ut
478 1782 547 1860 pro
559 1759 714 1835 Rudulso
729 1760 841 1836 fratre
852 1787 931 1852 suo,
944 1764 1008 1864 qui
1026 1762 1064 1835 in
1079 1762 1135 1835 vis
1147 1763 1338 1837 Jemsalem

273 1879 483 1978 peregrinus
494 1876 648 1968 obierat,
657 1893 817 1967 orarent,
830 1879 1043 1954 obsecravit.
1054 1880 1338 1957 deulfusetiam

274 2023 365 2097 puer
389 1997 574 2070 monachis
598 2024 643 2071 ex
663 2013 744 2071 tote
763 1998 877 2096 (sicut
900 2015 1066 2099 parentes
1089 1998 1167 2098 sui)
1189 1999 1339 2075 sociatus

274 2130 344 2203 est3
359 2131 396 2188 et
409 2141 428 2185 a
441 2112 629 2188 Gualterio
639 2114 762 2202 Calvo,
776 2115 917 2216 loquaci
927 2115 1056 2204 milite,
1067 2143 1134 2217 per
1143 2117 1339 2218 mpitulum

272 2227 416 2318 ductus,
432 2227 561 2302 fratres
576 2229 754 2303 osculatus
768 2246 833 2316 est,
850 2246 887 2304 et
905 2246 992 2303 tunc
1008 2230 1055 2304 ab
1074 2232 1153 2330 ipso
1165 2231 1341 2332 quidquid

275 2359 377 2443 pater
386 2370 469 2416 suus
478 2370 636 2444 avusque
644 2343 829 2434 dederant,
841 2346 878 2418 S.
891 2344 1046 2422 Ebrulfu
1056 2373 1267 2422 concessum
1277 2365 1339 2421 est.

326 2457 792 2560 DeniquepraesstusHugo,
803 2488 886 2533 eum
894 2465 969 2560 jam
981 2464 1230 2564 sexagenarius
1238 2479 1338 2545 esset,

274 2572 369 2671 apud
382 2574 623 2673 Rotomagum
637 2600 750 2647 nonas
765 2577 884 2648 martii
898 2577 1090 2651 defunctus
1105 2594 1176 2667 est;
1196 2595 1234 2653 et
1246 2579 1342 2651 mda-

277 2717 337 2763 ver
354 2692 449 2789 ejus,
468 2693 621 2791 conjuge
638 2717 720 2762 cum
737 2691 819 2765 filiis
834 2691 999 2791 jubente,
1016 2693 1176 2768 delatum
1191 2709 1247 2769 est
1261 2694 1341 2769 Uti-

275 2834 372 2882 cum.
392 2809 498 2881 Tunc
516 2807 683 2882 monachi
701 2810 823 2883 fratris
843 2812 898 2884 sui
915 2809 1057 2912 glebam
1078 2809 1282 2886 honorifice
1305 2816 1339 2885 in

275 2925 433 3026 capitulo
445 2924 677 3026 sepelierunt,
691 2943 727 3001 et
740 2926 805 3000 filii
817 2930 891 3025 ejus
911 2959 920 3000 :
940 2927 1115 3002 Radutfus
1131 2943 1170 3004 et
1185 2928 1341 3003 Guittet-

274 3071 355 3118 mus
377 3070 417 3118 sc
435 3043 632 3131 Aruuifus,
651 3071 689 3119 se
709 3060 745 3118 et
761 3045 882 3117 omniu
901 3061 1171 3137 concesserunt,
1192 3071 1277 3146 quse
1296 3044 1340 3116 ab

274 3154 558 3235 antecessoribus
570 3159 643 3233 suis
658 3158 818 3233 Uticensi
834 3160 990 3234 ecclesioe
1006 3160 1134 3235 collata
1153 3177 1253 3234 sunt.
1274 3161 1340 3234 tta-

273 3274 526 3379 duisusitsqu
533 3273 796 3377 primogenitus
809 3276 919 3350 filiam
931 3276 1122 3364 Runnulfi,
1138 3276 1338 3352 cancellarii

273 3394 366 3495 regis
384 3390 551 3481 acarini,
569 3418 720 3469 uxorem
741 3393 865 3484 duxit3
886 3421 994 3496 quem
1016 3395 1125 3495 paulo
1141 3411 1226 3495 post
1241 3388 1338 3471 mor·

273 3526 377 3585 tuum
386 3507 565 3583 Utinensis
576 3525 776 3584 mittemus
790 3511 826 3583 in
841 3512 999 3611 mpitulo
1010 3539 1076 3587 suo
1087 3537 1187 3586 secus
1200 3528 1339 3614 putrem

271 3650 380 3703 suum
406 3626 609 3700 tumulavit.
637 3628 774 3702 Deinde
799 3627 1013 3704 Guillelmus
1034 3629 1196 3731 putrium
1215 3635 1278 3730 jus
1302 3633 1336 3704 iu

272 3745 494 3820 Nurmun'nia
512 3745 686 3820 obtinuit.
706 3745 880 3819 Amulius
904 3772 1013 3837 vero,
1038 3762 1193 3849 propter
1216 3774 1336 3849 quaes-

305 4029 315 4096 (
321 4030 344 4097 t)
362 4023 489 4091 Metine,
501 4024 555 4081 fille
564 4027 641 4082 aines
653 4027 689 4084 de
699 4027 858 4102 unguente
869 4025 1092 4101 ammenti,
1101 4026 1233 4087 ιιιὶόεδ
1243 4027 1336 4102 noge

272 4113 370 4182 d’lvri,
384 4111 523 4169 teitausou
537 4111 575 4168 du
589 4115 641 4169 roi.
