2768 5094
279 364 340 423 282
556 364 739 428 HISTORIA
761 365 1071 429 uccttsltsucs.
1187 364 1340 446 [Mb-wi]
1363 396 1380 430 ··,

278 482 420 555 annuit.
441 482 530 555 Erat
550 486 649 559 enim
672 485 766 561 idem
789 487 939 561 clericus
1025 514 1050 558 n
1118 485 1134 556 li
1157 421 1384 586 progenie.

281 614 453 701 cognatus
479 602 633 677 Osketeli
664 603 897 680 Eboracensis
927 602 1195 705 metropolitae,
1227 569 1384 677 multa¹

280 717 415 792 habens
432 719 592 809 divitias,
611 723 816 824 amplasque
833 723 1092 823 possessiones,
1116 728 1208 823 quas
1230 748 1345 796 omues
1368 685 1384 799 ,Ι

279 836 561 936 parvipendebat
588 856 739 939 propter
769 857 920 914 aeternas
948 841 1166 914 mansiones.
1200 839 1344 913 Crulan
1377 900 1384 913 .,

279 952 375 1025 diam
391 954 547 1053 quippe,
567 972 608 1028 ut
626 955 801 1043 diximus,
823 982 900 1030 non
918 983 986 1057 pro
1002 957 1175 1058 augendis
1195 955 1344 1031 fundisa

279 1096 362 1170 rege
378 1089 608 1172 poposcerat;
625 1073 705 1162 sed,
721 1077 804 1175 quia
819 1075 1004 1176 religiosos
1019 1074 1068 1147 ibi
1083 1075 1203 1163 viros,
1219 1074 1257 1146 in
1271 1074 1344 1148 soli·

284 1186 408 1262 tudine
425 1189 579 1278 scilicet,
598 1218 680 1291 quae
696 1191 857 1292 undique
873 1191 1064 1292 paludibus
1076 1206 1114 1265 et
1129 1192 1270 1293 stagnis
1283 1192 1345 1266 cir·

282 1303 532 1394 cumdabatur,
555 1324 794 1408 cognoverat,
819 1309 1036 1408 contemptis
1058 1305 1236 1383 omuibus
1252 1306 1345 1406 bujus

282 1420 402 1493 saeculi
412 1420 693 1510 delectamentis,
709 1423 834 1498 divino
847 1424 961 1497 cultui
972 1451 1008 1499 se
1019 1424 1227 1522 mancipare
1235 1423 1345 1498 dama

281 1556 395 1611 verat.
416 1540 598 1614 Ordinatis
617 1542 736 1642 itaque
754 1541 952 1642 prudenter
968 1539 1075 1616 rebus
1092 1548 1183 1628 suis,
1200 1541 1346 1615 crutis
1379 1560 1381 1565 ’

281 1655 351 1730 diae
364 1657 562 1733 monachus
578 1660 693 1734 factus
711 1657 783 1749 est,
808 1675 845 1735 et
864 1676 967 1733 aucta
988 1659 1122 1734 ibidem
1139 1658 1266 1736 studio
1281 1662 1346 1758 ejus

282 1775 546 1855 monachorum
559 1779 852 1878 congregatione,
868 1777 1037 1876 magister
1048 1802 1179 1850 eorum
1194 1790 1233 1850 et
1248 1773 1347 1848 abhu

283 1909 377 1966 nutu
393 1893 456 1968 Dei
472 1907 509 1968 et
523 1893 706 1970 bonorum
725 1894 902 1968 electione
918 1894 1064 1967 effectus
1081 1907 1147 1966 est.
1165 1893 1236 1966 Hic
1248 1891 1347 1965 lami·

283 2008 491 2083 liarissimus
515 2011 587 2083 suit
608 2011 743 2084 amicus
765 2011 897 2084 sanctis
919 2005 1154 2108 presulibus,
1175 2007 1243 2109 qui
1270 2022 1347 2080 tunc

282 2128 456 2228 temporis
479 2126 651 2228 regebant
676 2127 870 2201 Ecclesiam
895 2127 991 2200 Dei:
1016 2125 1209 2201 Duustauo
1233 2123 1348 2198 archi·

283 2246 451 2343 episcopo
475 2246 747 2336 cantuariensi,
774 2243 987 2320 Adelwoldo
1016 2241 1289 2331 Wintonieusi,
1320 2257 1349 2315 et

283 2360 449 2436 0swaldo
476 2363 711 2462 Wigornensi
749 2376 786 2433 et
818 2360 1049 2459 postmodum
1085 2358 1350 2459 archiepiscopo

284 2477 518 2565 Eboracensi;
552 2504 750 2579 eorumque
775 2478 935 2551 consiliis
959 2502 1102 2552 summo
1127 2477 1212 2551 nisu
1231 2467 1351 2576 sategit

282 2592 462 2669 famulari.
486 2597 553 2669 Hic
575 2597 631 2695 (ut
648 2594 819 2693 diximus)
835 2622 977 2696 magnae
994 2594 1245 2697 generositatis
1262 2592 1348 2678 fuit,

283 2726 320 2785 et
334 2736 378 2784 ux
392 2713 551 2786 maneria
566 2712 611 2785 de
624 2713 847 2811 patrimonio
863 2727 1056 2812 parentum
1068 2737 1221 2785 suorum
1236 2736 1350 2811 posse·

283 2827 356 2915 dit,
375 2854 444 2928 pro
457 2854 617 2928 quorum
633 2825 820 2901 animabus
835 2855 896 2902 sex
912 2829 1013 2900 villas
1030 2858 1039 2898 ε
1065 2826 1202 2902 scilicet
1214 2826 1351 2902 Wenli·

286 2943 380 3045 burg
403 2960 440 3018 et
464 2944 571 3033 Bebi,
592 2946 779 3045 Wiritorp
799 2961 835 3019 et
857 2945 1128 3032 Elmintonam,
1155 2942 1351 3017 cotehham

285 3078 322 3135 et
353 3062 598 3162 Oghintonam
629 3062 949 3161 (1)Crulandensi
980 3060 1138 3135 ecclesie
1168 3059 1292 3148 dedit,
1321 3073 1354 3132 ct

287 3194 541 3253 testamentum
559 3179 642 3253 inde
655 3180 772 3280 sigillo
785 3179 1023 3253 strenuissimi
1040 3179 1133 3278 regis
1146 3176 1280 3279 Fulguri
1294 3175 1352 3250 lilii

287 3295 470 3368 Edmuudi
492 3299 585 3397 regis
603 3297 782 3398 signatum
801 3296 1030 3371 confirmavit
1051 3298 1122 3393 (a).
1152 3296 1353 3368 Dunstanus

286 3412 394 3485 etiam
410 3412 697 3513 archiepiscopus
720 3440 802 3485 cum
820 3414 1049 3513 suffraganeis
1070 3413 1142 3484 suis
1163 3408 1353 3511 proedicta-

322 3704 361 3772 (ι)
379 3702 432 3756 Ces
450 3718 531 3756 noms
547 3713 608 3757 sont
625 3704 708 3756 ecrite
725 3722 788 3756 arec
805 3702 926 3776 quelque
942 3699 1093 3757 differcnoe
1110 3698 1179 3755 dans
1197 3697 1352 3774 lugulpbe:

289 3790 589 3864 Wendliugburough‚
612 3792 794 3865 Elmyngton‚
810 3792 984 3865 ll'ortborp,
1001 3790 1173 3853 Kotenharu,
1188 3788 1355 3862 llokyngtou

288 3891 316 3933 et
335 3881 414 3952 lleby.
431 3883 467 3935 ll.
483 3882 624 3954 Stapleton
645 3884 787 3937 reconnalt
806 3885 892 3956 parmi
913 3902 956 3937 ces
973 3882 1128 3946 domaincs,
1152 3879 1242 3954 lleeby
1255 3877 1356 3934 dansle

292 3973 516 4036 hicemannus,
534 3973 719 4046 Wridtliorpc
732 3994 768 4030 ou
782 3976 941 4048 Wothorpc
959 3985 988 4029 et
1001 3974 1144 4030 Elmiuton
1157 3972 1228 4028 dans
1244 3970 1271 4029 le
1289 3970 1354 4025 ltn-

292 4062 529 4136 thamptonshim,
541 4066 709 4119 Cottenlram
722 4076 750 4120 ot
764 4065 926 4138 Oalrington
938 4066 1006 4121 daus
1016 4065 1041 4120 le
1051 4061 1307 4135 Cambridge-tue.

325 4155 364 4221 (a)
383 4156 462 4207 Cotto
476 4155 585 4217 charte,
600 4155 787 4228 qu'lngulplu·
804 4158 934 4210 transcrit
947 4175 981 4211 cn
995 4155 1094 4221 entier,
1108 4161 1151 4209 est
1162 4151 1198 4207 dc
1209 4149 1274 4226 966.
