2768 5094
159 417 199 478 ss
432 417 613 478 msroen
635 412 941 478 sccumissncs.
1017 418 1215 495 [sosoma

160 537 264 608 matri
285 548 325 604 ut
343 535 458 632 ipsum
476 536 793 623 calumniarentur,
808 549 844 609 et
855 533 898 609 de
909 537 1142 611 monasterio
1156 534 1217 608 abs

160 652 382 748 traherent),
403 654 532 727 timens
555 679 600 726 ne
616 652 711 725 illius
730 652 869 724 miseria
888 649 949 723 alii
968 648 1108 725 fratres
1125 653 1218 725 vitia-

159 784 301 856 rentur,
322 770 558 868 apostolieum
573 784 794 869 praeeeptum
810 770 847 840 in
865 767 929 841 illo
944 768 1151 867 adimplere
1165 795 1220 842 ro-

160 884 246 970 luit,
266 884 312 955 ita
323 884 498 958 dicentis:
516 881 667 980 Afferte
684 884 822 956 malum
838 909 885 956 es·
903 883 1022 956 uobis.
1043 884 1099 956 Et
1117 883 1218 956 illud:

160 997 324 1097 Inssdelis
349 1004 381 1072 si
406 999 582 1090 discedit,
619 998 785 1072 discedat
812 999 883 1095 (s).
911 998 1087 1071 Permisit
1114 1000 1221 1098 itaque

162 1115 266 1187 illum
286 1114 330 1189 de
351 1115 523 1190 coenobio
550 1116 647 1190 exire
670 1132 705 1189 et
727 1113 772 1187 ad
793 1113 963 1187 saeculum
990 1113 1130 1189 redire.
1159 1113 1221 1207 Qui

159 1235 312 1330 peccatis
329 1235 400 1307 suis
419 1249 561 1334 peccata
578 1232 826 1320 accumulans,
844 1232 985 1304 cuidam
1002 1232 1222 1308 muliercule

160 1350 313 1447 seipsum
343 1350 537 1449 copulavit.
570 1348 638 1422 Sed
666 1375 749 1420 cum
777 1346 834 1419 illa
865 1348 895 1420 ei
925 1371 1003 1420 non
1027 1349 1222 1432 sufficeret,

160 1463 307 1538 alteram
323 1462 500 1538 vocabulo
513 1464 661 1537 Pomula
678 1465 716 1537 in
732 1487 891 1536 amorem
910 1462 964 1533 sui
980 1463 1133 1551 ascivit,
1153 1488 1225 1562 pac·

162 1595 324 1680 tumque,
335 1597 376 1653 ut
385 1606 505 1654 secum
514 1581 557 1651 ad
565 1593 729 1652 sanctum
738 1579 905 1679 Egidium
915 1577 1223 1663 illamdeduoenet,

163 1721 246 1766 cum
262 1722 300 1768 ea
321 1695 420 1769 lecit.
443 1695 598 1771 Volebat
614 1694 710 1769 enim
733 1692 942 1794 parentibus
960 1710 998 1769 et
1013 1695 1145 1769 amicis
1161 1697 1224 1769 suis

164 1813 388 1912 incognitum
405 1813 591 1915 essequod
609 1839 686 1886 cam
703 1811 880 1914 diligeret.
900 1812 1064 1912 Cumque
1082 1813 1138 1886 illi
1151 1839 1225 1886 mu·

166 1928 244 2000 lieri
260 1927 378 2001 locum
391 1930 604 2030 designasset
616 1926 678 2000 ubi
694 1927 799 2000 simul
809 1932 1064 2027 jungerentur,
1079 1929 1225 2029 pariter·

163 2072 235 2146 que
256 2045 583 2144 proficiscerentur,
611 2072 694 2119 cum
717 2042 932 2146 quibusdam
957 2044 1164 2143 peregrinis
1188 2043 1223 2115 ad

165 2177 326 2234 sanctum
352 2163 521 2262 Egidium
542 2165 599 2262 (2)
624 2160 793 2237 euntibus
817 2162 885 2235 iter
908 2160 1077 2259 arripuit.
1101 2160 1223 2234 Atilia

166 2279 243 2377 ipso
261 2279 450 2377 ignorante
464 2278 509 2352 ab
528 2278 592 2352 hac
610 2281 775 2378 pactione
797 2277 955 2366 resiluit,
977 2292 1014 2351 et
1032 2278 1142 2352 alteri
1158 2278 1224 2352 cle·

164 2393 241 2465 rico
268 2418 305 2466 se
326 2393 484 2466 sociavit.
510 2394 559 2466 At
576 2419 662 2468 vero
686 2393 906 2481 Anseredus,
934 2391 1084 2465 eumad
1110 2392 1224 2467 locum

165 2533 272 2604 quem
297 2507 440 2582 mulieri
466 2508 684 2608 designarat,
713 2510 950 2608 pervenisset,
978 2533 1133 2608 eamque
1156 2532 1223 2582 nou

167 2626 372 2724 reperisset,
390 2626 481 2699 dixit
499 2626 553 2700 his
567 2653 649 2700 cum
665 2626 795 2729 quibus
813 2623 1066 2727 gradiebatur:
1087 2625 1225 2726 Oportet

165 2766 222 2812 me
245 2741 299 2812 ad
321 2741 469 2814 domum
490 2769 609 2816 meam
629 2747 770 2831 reverti,
796 2745 886 2842 quia
907 2766 981 2812 rem
999 2738 1094 2812 uulsi
1113 2765 1225 2814 neces·

165 2856 304 2928 sanam
323 2855 497 2929 oblivioni
517 2857 669 2930 tradidi.
699 2858 775 2930 Vos
798 2881 884 2929 vem
907 2854 1088 2926 ineundo
1109 2880 1224 2930 moros

166 2973 344 3043 innectere
353 2972 474 3061 nolite,
489 2976 579 3071 quia
590 2974 749 3046 celeriter
752 2997 957 3074 prosequor
968 2997 1047 3042 uos.
1063 2969 1225 3064 Quicum

166 3085 335 3174 domum,
355 3087 473 3186 inqua
494 3088 551 3159 illa
570 3089 701 3161 mulier
720 3086 907 3175 metuebat,
927 3101 1034 3160 nocte
1052 3088 1225 3188 ingressus

168 3217 275 3289 esset,
298 3203 436 3274 invenit
453 3202 532 3275 illos
548 3201 823 3277 discumbentes.
843 3207 895 3276 As
912 3202 969 3274 illa
983 3203 1108 3274 statim
1124 3200 1226 3274 dilec-

169 3319 240 3392 tori
262 3343 329 3426 suo
349 3316 542 3391 adventum
564 3322 638 3419 ejus
663 3320 856 3394 intimavit.
884 3319 954 3411 Qui
981 3319 1099 3391 securi
1122 3340 1225 3391 manu

168 3454 307 3537 arrepta
328 3437 364 3511 in
381 3439 496 3537 capite
512 3439 613 3512 illum
629 3440 821 3539 percussit,
840 3454 877 3511 et
894 3437 1096 3511 exanimem
1112 3434 1225 3510 reddi·

169 3554 234 3626 dit.
256 3556 391 3628 Deinde
406 3557 442 3628 in
459 3582 600 3628 saccum
618 3556 816 3630 intromisit
832 3570 868 3628 et
880 3554 1021 3654 longius
1034 3553 1223 3652 pertraxit,

168 3688 275 3771 atque
287 3670 398 3745 humo
411 3664 621 3774 cooperiens
635 3674 808 3747 occuluit.
824 3672 893 3766 Qui
909 3697 991 3744 cum
1002 3686 1085 3770 post
1098 3668 1225 3743 mattos

169 3787 243 3860 dies
261 3789 425 3862 inventus
440 3789 563 3863 luisset
576 3789 861 3884 (denudaverant
878 3789 1070 3863 enimcum
1086 3784 1221 3866 bestie,

172 3974 180 3981 ι
199 3975 306 3983 -ι-
549 3978 687 3986 -ι-.-..-
698 3980 704 3985 .
712 3980 733 3986 .-

207 4060 246 4122 (ι)
266 4059 425 4112 1.Corintb.
441 4077 465 4123 v,
485 4057 524 4114 if».
540 4091 573 4100 —
590 4078 642 4123 vu,
662 4059 700 4113 15.

207 4147 245 4212 lsi)
263 4146 471 4201 l‘rolsalilemcnt
486 4148 679 4211 Satine-Gilua,
694 4149 881 4220 ‹luparsonwns
898 4147 934 4200 ‹lu
949 4144 1036 4200 liard.
