2768 5094
63 431 228 510 2714-715]
431 433 549 493 blllEll
573 434 766 507 QUARTUS.
1078 441 1138 498 277

65 567 118 620 ter
132 550 325 622 nocturnis
338 550 469 650 vigiliis
482 550 727 639 incumberet,
743 578 761 622 a
775 551 888 624 media
904 570 1011 627 nocte
1027 581 1140 655 usque

65 668 100 737 in
123 692 294 739 auroram
319 683 432 768 totam
456 669 605 740 domum
633 670 738 768 igneo
764 669 955 769 splendore
978 673 1139 745 circum·

63 781 308 880 splendescere
325 783 477 857 ridebat.
497 783 646 859 Oriente
663 812 750 860 vero
766 786 841 859 sole
858 787 914 859 vir
931 787 993 860 Dei
1013 787 1138 863 suble·

64 899 151 969 satis
170 898 349 999 paulisper
365 899 538 974 membris
555 900 654 974 velut
673 928 884 1002 exsurgens,
903 920 939 977 et
954 930 1081 978 manus
1092 904 1137 978 ad

63 1014 174 1086 altare
190 1017 408 1105 extendens,
430 1019 594 1116 corporis
618 1034 655 1091 et
675 1021 856 1119 sanguinis
874 1019 1008 1092 Christi
1031 1048 1138 1097 oom-

64 1131 239 1204 munionc
262 1158 298 1204 se
319 1134 497 1217 munivit;
518 1149 554 1206 et
572 1132 715 1206 elevatis
730 1135 845 1206 oculis
862 1134 907 1207 ad
925 1136 1081 1226 coelum,
1101 1155 1139 1211 et

62 1249 217 1320 utensis
236 1249 274 1322 in
289 1249 403 1322 altum
417 1250 603 1338 manibus,
621 1277 719 1324 aratio
734 1250 789 1322 ab·
802 1253 1052 1326 incarnatione
1066 1254 1138 1329 Do·

64 1367 152 1439 mini
162 1383 248 1440 nce·
258 1383 296 1440 x·
306 1385 343 1441 v·
354 1371 412 1468 (r)
425 1371 583 1442 animam
594 1369 638 1442 ad
648 1396 807 1469 perenne
818 1371 987 1470 gandium
1003 1373 1135 1447 emisit.

111 1485 212 1557 luter
234 1483 312 1558 brec
335 1487 458 1560 Becccl
485 1488 663 1587 conspicit
686 1480 824 1561 coelesti
851 1488 1042 1589 splendore
1066 1491 1138 1566 do-

64 1627 163 1672 mum
183 1602 337 1700 repleri,
356 1606 561 1704 turrimque
578 1603 677 1676 velut
695 1606 835 1703 igneam
853 1632 872 1678 e
889 1621 984 1679 terra
1004 1608 1040 1679 in
1059 1632 1138 1682 οω-

64 1720 138 1789 lnm
154 1719 267 1818 erigi,
284 1719 327 1792 ad
346 1723 447 1819 cujus
468 1722 776 1820 comparationem
796 1722 849 1797 sol
870 1724 969 1822 quasi
989 1724 1137 1798 lucerna

65 1835 181 1908 indie
204 1837 395 1935 pallescere
422 1838 621 1912 videbatur.
646 1840 822 1912 Carnibus
843 1868 990 1941 qnoque
1013 1841 1138 1944 buge-

64 1957 138 2026 licis
161 1957 317 2054 spatium
336 1958 447 2030 totius
470 1959 560 2029 aeris
583 1956 747 2031 detonari
767 1957 1000 2046 audiebatur;
1021 1961 1137 2034 insula

63 2073 170 2144 etiam
191 2071 416 2146 diversorum
443 2090 647 2147 aromatum
668 2074 859 2147 odoriferis
882 2075 1137 2174 spiraminibus

64 2187 212 2291 fragrat.
241 2190 437 2263 Praedictus
469 2192 588 2291 itaque
615 2189 728 2264 frater
756 2190 857 2263 valde
884 2189 1133 2282 tremefactus,

63 2307 230 2380 eximiam
249 2310 536 2381 coruscationem
559 2309 708 2382 sullerre
730 2334 806 2380 non
831 2307 968 2394 valens,
993 2327 1134 2410 arrepta

65 2425 143 2496 nari
170 2424 347 2523 virginem
374 2424 506 2497 Christi
536 2428 662 2526 Pegam
691 2426 822 2514 adivit,
848 2427 952 2526 eique
975 2426 1133 2501 fraterna

64 2540 228 2613 mandata
255 2521 413 2615 seriatim
443 2543 580 2616 retulit.
608 2543 749 2634 Quibus
771 2544 920 2630 aurbtis,
949 2544 1007 2616 illa
1026 2546 1136 2620 rebe-

66 2674 207 2729 menter
222 2657 410 2757 ingemuit.
429 2659 572 2731 Postera
591 2685 676 2731 vem
692 2658 750 2731 die
766 2685 849 2731 cnm
868 2659 1043 2757 praedicto
1061 2660 1132 2733 sra-

65 2792 117 2844 ιη
136 2771 367 2872 crulandiam
388 2778 506 2863 venit,
527 2792 563 2846 et
582 2777 685 2848 tertia
703 2774 761 2847 die
779 2774 894 2847 felicia
913 2775 1073 2848 membra
1096 2778 1133 2850 in

63 2890 227 2961 oratorio
239 2889 433 2962 secundum
444 2894 643 2989 jussionem
657 2895 732 2990 ejus
744 2891 920 2990 sepelivit,
935 2891 996 2964 ubi
1012 2893 1135 2967 Domi·

65 3035 131 3079 nus
143 3024 266 3107 postea
279 3025 429 3108 propter
441 3011 544 3081 amici
557 3011 608 3080 sui
623 3009 749 3084 merita
763 3010 799 3081 in
813 3008 978 3082 sanandis
988 3011 1134 3111 aegrotis

65 3125 167 3222 plura
186 3126 355 3198 miracula
373 3126 470 3199 lecit.

113 3243 165 3316 Ad
180 3244 464 3316 anniversarium
479 3247 515 3316 S.
532 3244 698 3318 Gutblaci
719 3271 823 3318 soror
839 3249 913 3344 ejus
931 3247 1020 3346 Pega
1038 3273 1134 3346 pres·

65 3362 213 3460 byteros
237 3377 271 3433 et
295 3362 383 3434 alios
402 3363 626 3435 ecclesiastici
651 3361 789 3435 ordinis
816 3365 911 3436 viros
932 3366 1135 3463 aggregarit

64 3495 97 3549 et
126 3477 334 3577 sepulcrum
360 3482 434 3577 ejus
460 3481 620 3577 aperuit,
653 3494 693 3552 ut
720 3505 850 3577 corpus
875 3481 950 3577 ejus
976 3480 1012 3551 in
1037 3480 1134 3554 aliud

64 3597 285 3668 mausoleum
300 3597 522 3671 transferret.
541 3598 646 3670 Tunc
662 3612 779 3671 totum
793 3622 924 3696 corpus
938 3597 1131 3699 integrum,

65 3717 164 3814 quasi
178 3713 295 3788 adhuc
313 3717 466 3800 viveret,
489 3718 721 3802 invenerunt;
736 3731 772 3789 et
784 3716 994 3789 vestimenta
1012 3717 1133 3792 omnia

65 3829 197 3930 ‹pribus
227 3832 409 3905 involutus
433 3849 528 3919 erat,
558 3835 705 3933 antiqua
732 3834 892 3905 rioritate
915 3848 951 3904 et
978 3833 1134 3931 pristino

68 3948 222 4018 candore
247 3948 494 4046 splendebant.
523 3948 741 4023 Mirantibus
765 3951 905 4022 cunctis
926 3965 963 4022 et
982 3964 1133 4049 stupen-

132 4126 235 4133 ‹na-m,

103 4239 141 4280 Ἰ)
162 4217 235 4269 lusce
272 4223 329 4289 :tl
