2768 5094
476 402 593 466 LIBER
614 402 798 477 Quintus.
1120 408 1179 471 ³27

128 520 201 597 ato
219 522 302 597 {idei
319 524 424 596 novis
442 521 667 596 auditoribus
683 524 839 596 multum
858 525 1032 623 plsccaut,
1053 527 1179 604 dolens

128 637 276 715 inbutas
298 638 497 713 Eufrasism
525 638 626 713 Lucii
654 639 765 713 tiliam
791 667 919 715 serare
939 640 1054 742 coepit
1082 660 1118 717 et
1141 646 1178 717 in

128 782 234 857 gnem
249 755 390 856 deiecit.
409 755 501 850 Quae
516 757 637 829 statim
651 772 794 830 mortua
813 771 884 841 est;
903 758 964 831 sed
976 758 1085 857 paulo
1098 775 1180 857 post

128 888 241 945 sante
257 872 422 944 Tsurino
442 897 483 945 ac
502 869 654 970 jubente
675 885 718 943 ut
733 887 955 973 resurgeret,
976 873 1014 945 in
1031 874 1180 949 nominc

128 988 259 1063 >omini
271 987 477 1061 resuscitata
490 1002 557 1061 est.
569 987 719 1061 Nullum
732 989 770 1060 iu
780 988 972 1089 easiguum
982 988 1181 1064 adustionis

128 1104 291 1205 pparuit.
304 1104 438 1179 Omnes
452 1105 563 1205 igitur
577 1102 645 1178 hoc
658 1104 871 1178 miraculum
885 1104 1046 1181 videntes
1057 1104 1180 1181 subito

128 1223 230 1297 miti
245 1236 344 1311 snut,
360 1238 397 1297 et
409 1221 714 1322 obstupescentes,
726 1223 764 1295 in
773 1224 895 1295 Jesum
906 1221 1089 1297 Christum
1102 1250 1179 1300 cre·

128 1340 296 1414 iderunt.
316 1342 358 1415 ln
373 1340 431 1413 itta
444 1340 503 1413 die
516 1365 590 1413 cxx
608 1340 772 1414 homines
788 1340 958 1441 baptisati
973 1358 1074 1429 sunt,
1093 1359 1180 1421 octo

128 1457 195 1527 eci
215 1455 407 1529 illuminati
426 1471 635 1556 etquattuor
651 1458 742 1530 muti
759 1459 890 1544 sanati,
907 1459 1039 1559 aliique
1058 1458 1178 1558 plures

128 1571 635 1648 :diversisiutirmiutibusin
646 1572 796 1646 nomine
804 1573 949 1647 Domini
959 1579 1178 1649 suntcurati.

156 1689 297 1765 Deinde
314 1691 495 1763 Taurinus
510 1688 636 1763 fsnum
654 1690 777 1762 Dianae
797 1691 963 1778 intravit,
985 1689 1178 1764 Zabulum·

128 1832 181 1881 rue
196 1832 321 1881 corum
337 1807 475 1907 populo
487 1805 665 1879 visibilem
681 1823 795 1879 astare
812 1808 850 1880 in
865 1806 1002 1880 virtute
1017 1808 1081 1881 Dei
1096 1834 1177 1883 coe·

130 1927 180 2013 it;
200 1948 277 2027 quo
291 1925 369 1999 viso
385 1923 540 1997 Ethnica
557 1922 659 2024 plebs
675 1921 776 1997 valde
794 1924 928 1996 timuit.
947 1922 1039 1997 Num
1060 1928 1178 1998 mnni-

128 2057 198 2119 ste
221 2044 388 2143 apparuit
413 2044 463 2115 eis
480 2042 647 2141 AEthicps
671 2043 775 2142 niger
800 2060 841 2115 ut
863 2042 1003 2141 fuligo,
1028 2042 1177 2118 barbam

128 2160 244 2235 abens
260 2160 460 2262 prolixam,
482 2175 521 2233 et
536 2159 709 2233 scintillas
727 2160 844 2259 igneas
864 2186 907 2232 cx
925 2186 990 2234 ors
1014 2162 1175 2235 mittens.

128 2275 247 2351 teiade
271 2276 417 2377 angelus
445 2276 593 2352 Domini
623 2274 829 2377 splendidus
856 2293 897 2348 ut
926 2274 979 2349 sul
1005 2275 1173 2367 advenit,

128 2395 320 2495 unctisqne
336 2390 589 2479 cernentibus,
614 2392 729 2491 ligatis
744 2420 764 2465 a
784 2394 894 2467 dorso
911 2392 1076 2467 manibus
1097 2394 1176 2469 dae·

128 2538 255 2585 soncm
272 2508 434 2583 abduxit.
455 2512 496 2583 tn
517 2508 576 2582 itta
594 2511 703 2609 igitur
722 2509 781 2583 die
795 2507 870 2583 duo
885 2508 997 2582 millia
1014 2510 1177 2585 virorum

128 2628 277 2727 sptimti
307 2641 411 2713 suut,
439 2640 477 2701 ct
501 2651 627 2700 omnes
656 2626 791 2699 infirmi
820 2651 890 2726 ope
915 2626 1036 2701 diviua
1063 2630 1176 2702 curati

128 2762 206 2819 uait.
231 2744 317 2817 Haec
334 2744 512 2817 Deodatus
530 2742 702 2816 Eufrasins
719 2741 830 2817 irater
845 2743 936 2815 vidit
952 2759 988 2817 et
1004 2744 1175 2833 credidit,

128 2858 851 2961 tbaptintm‚presbytetqueiactus‚inec
861 2860 1177 2961 resacitcrscripto

128 2976 248 3050 ttulit.
263 2978 368 3049 Tunc
380 2977 561 3049 Taurinus
575 2974 716 3047 soedum
731 2974 854 3049 Dianas
867 2973 992 3047 sartum
1007 2976 1173 3064 intravit,

128 3094 316 3165 sorcismis
339 3107 376 3165 et
399 3091 625 3166 orationibus
650 3090 883 3176 emundavit,
909 3090 1055 3191 Deoque
1080 3106 1176 3165 tem-

128 3209 211 3283 »lum
224 3210 262 3283 in
276 3208 415 3283 honore
428 3225 561 3282 sanctis
573 3210 635 3281 Dei
649 3209 835 3307 genitricis
847 3208 970 3281 Mariae
983 3209 1172 3283 dedicavit.

128 3324 246 3401 >eiusde
262 3327 375 3425 coepit
393 3327 675 3426 circumquaque
700 3323 791 3400 idola
809 3325 992 3399 destruere
1014 3344 1052 3401 ct
1066 3329 1175 3402 cccle-

128 3442 174 3515 ἰιι
190 3440 337 3517 Christo
353 3468 561 3517 consecrare
568 3496 579 3530 ,
599 3466 747 3515 ornnem
763 3440 947 3515 dioecesim
964 3444 1172 3535 circumire,

128 3550 282 3635 aucn‘ice
294 3559 482 3647 ordinare,
504 3556 783 3659 hospitalitatem
796 3559 834 3631 in
850 3557 1021 3635 omnibus
1038 3563 1177 3637 consti-

128 3702 225 3753 uere.

158 3794 305 3868 luridus
317 3795 423 3869 Satan
441 3810 497 3869 tot
510 3794 606 3870 bona
620 3793 744 3869 ridens
759 3792 896 3883 doluit,
910 3796 1087 3900 variisque
1101 3824 1177 3871 ma-

129 3910 379 3987 hinaticnibus
396 3916 514 3987 virum
534 3914 595 3987 Dei
617 3910 745 3988 indere
761 3914 908 4015 sategit,
927 3928 964 3987 rt
982 3916 1118 3990 multos
1136 3916 1175 3990 in

128 4030 211 4103 ilum
237 4030 454 4109 adversarios
479 4032 658 4109 excitarit.
684 4032 765 4106 Duo
784 4034 875 4133 magi
898 4064 907 4106 z
927 4032 1122 4111 cambisses
1139 4052 1175 4111 et

128 4148 216 4221 latas
234 4150 431 4225 essentiatus
452 4150 573 4223 Diuuu·
592 4149 757 4237 suerunt,
779 4153 921 4251 visaque
940 4154 1176 4227 cotavcmicnc
