2768 5094
499 376 617 440 tlttttt
636 377 823 454 QUINTUS.
1138 379 1200 445 409

142 500 198 587 io,
216 497 328 571 aliam
340 496 446 571 duxit
458 522 610 575 uxorem
620 496 769 573 nomine
778 494 933 589 nudam,
944 495 1057 579 fitium
1068 496 1202 575 Gmle·
1289 546 1304 575 .

140 616 228 688 inni
243 612 292 689 de
304 612 479 688 Mellento
491 614 506 712 (
515 615 562 711 ι),
571 612 750 715 quaednos
759 613 1001 691 eidemfilioee
1012 616 1201 692 Simonem

140 751 153 807 t
166 736 369 836 lingonen
383 733 542 833 peperit,
557 757 650 834 quos
664 732 703 805 in
714 735 907 831 juventute
921 732 1087 834 improba
1102 760 1201 810 mors
1301 766 1318 805 ·.

140 848 260 951 bsqoe
274 847 398 925 liberis
414 846 540 923 ambos
550 847 754 924 obsorbuit.
769 848 945 924 Alberedn
961 877 1047 923 vero
1059 849 1200 924 scheme

140 965 313 1067 eiigionis
324 968 493 1067 suscepit,
506 980 544 1041 et
558 966 596 1040 in
609 965 769 1066 quodam
782 967 1003 1042 monasterio
1016 954 1200 1068 virginum

140 1081 456 1157 inctimonisiinm
481 1082 593 1156 vitam
624 1081 757 1156 finivit.
784 1082 958 1157 Proesatns
984 1082 1201 1159 Guillelmns

140 1202 302 1277 suniterii
323 1202 368 1276 de
385 1201 518 1275 talesia
539 1200 636 1275 filius
657 1199 748 1291 fuit,
771 1215 809 1276 et
830 1202 868 1275 in
890 1201 1019 1275 militis
1044 1202 1200 1276 nimium

140 1321 262 1419 ignit,
283 1319 381 1395 unde
403 1319 619 1396 Guilleimns
645 1319 815 1420 princeps
837 1319 949 1393 filiam
972 1319 1198 1396 Gnidmnndi

140 1442 309 1512 nm'toto
325 1437 358 1511 ei
376 1434 517 1511 honore
536 1436 730 1512 Molinensi
755 1437 923 1510 contulit.
945 1437 1056 1511 Futili
1076 1465 1201 1512 vante·

140 1580 194 1628 ue
214 1554 311 1628 inndi
330 1554 438 1627 nimis
457 1552 619 1641 inhaesit,
635 1580 706 1655 pro
722 1580 794 1656 qun
812 1553 1016 1628 multorum
1033 1580 1115 1628 mus
1132 1552 1201 1629 ho-

140 1671 357 1748 iicidiornm
370 1673 504 1747 extitit.
520 1673 653 1746 Fertur
662 1670 761 1774 quod
773 1671 933 1745 multum
945 1672 1129 1773 sanguinis
1140 1670 1201 1745 su·

140 1793 237 1879 erit,
256 1806 295 1866 et
314 1788 414 1893 quod
432 1805 506 1863 tam
525 1790 615 1864 dirae
636 1789 856 1865 crudelitatis
876 1789 1025 1867 fortuna
1044 1788 1199 1863 infectus

140 1909 260 1995 serit,
279 1922 321 1980 ot
341 1906 463 1981 nullus
486 1908 678 1980 imminens
702 1906 843 1982 lethum
860 1907 1045 1993 evasisset,
1065 1906 1129 2008 qui
1153 1905 1199 1978 ab

140 2052 185 2114 o,
211 2024 379 2127 quemvis
396 2050 546 2124 perum,
569 2023 777 2097 vulneratus
794 2023 932 2097 suisset.
953 2026 995 2096 ln
1018 2022 1199 2124 prosperis

140 2159 233 2243 tque
248 2140 403 2216 sdversis
421 2167 534 2244 usque
552 2139 597 2213 sd
613 2167 787 2217 annosam
801 2156 1022 2216 senectutem
1036 2143 1146 2229 vixit,
1161 2156 1199 2215 et

140 2273 303 2360 [tuentum
327 2256 371 2330 ad
398 2258 569 2332 saecuium
595 2255 798 2345 adtinebat,
828 2257 1028 2332 honorifice
1055 2257 1195 2332 floruit.

140 2373 288 2449 faudem
314 2374 351 2448 in
370 2390 489 2448 castro
514 2400 580 2447 suo
603 2375 777 2448 x1v⁰kab
799 2373 1007 2449 novembris
1027 2373 1194 2464 decessit,

142 2506 158 2563 t
178 2495 216 2564 in
235 2492 394 2592 mpituio
410 2493 570 2567 Uticensi
591 2494 790 2567 tumulatus
806 2494 972 2595 quiescit.

173 2608 377 2685 Rodbertus
393 2624 514 2684 nutem
528 2610 623 2684 fliius
636 2613 725 2709 ejus,
742 2626 935 2711 postquam
949 2608 1196 2687 haereditatem

143 2728 255 2798 sitnm
269 2722 445 2813 obtinuit,
461 2726 595 2800 sutnrae
607 2727 895 2816 solutismemor,
907 2729 1054 2802 Uticum
1064 2729 1195 2817 adivit,

144 2859 159 2914 t
184 2841 364 2944 quidquid
389 2860 492 2942 peter
516 2870 621 2934 suns,
644 2859 830 2945 materque
855 2870 916 2916 sun
937 2845 1111 2918 dederant
1134 2861 1198 2918 ant

140 2978 395 3049 *oncessemnm
419 2962 617 3048 concessit;
642 2979 678 3035 et
700 2961 878 3063 quidquid
902 2963 1065 3036 homines
1088 2963 1196 3061 ipsius

140 3080 275 3153 ionoris
290 3079 517 3154 donaverant
534 3095 597 3151 sut
614 3078 870 3170 vendiderant,
893 3095 1018 3153 sancto
1040 3075 1197 3153 Ebmlto

140 3381 196 3416 ens
208 3362 331 3429 eninm,
344 3379 453 3417 comme
466 3379 501 3416 on
516 3362 641 3436 poumit
654 3360 680 3415 le
693 3361 792 3416 croire.
807 3360 870 3415 Une
882 3360 979 3415 charte
991 3359 1027 3415 de
1035 3358 1196 3417 Guitnume

140 3472 157 3503 e
171 3450 295 3507 Montius
305 3471 341 3506 en
350 3451 445 3506 nvem
457 3450 492 3505 de
503 3450 664 3507 saint-Pete
676 3460 757 3524 porte
770 3448 846 3505 bore
858 3450 1057 3523 conscriptione
1067 3451 1195 3521 jointcst

140 3540 205 3595 tiles
214 3539 250 3595 de
262 3540 337 3595 nun
351 3551 461 3614 parents
472 3540 565 3609 (Cart.
580 3559 607 3614 p.
621 3538 696 3615 Sto).
712 3538 736 3594 11
749 3539 837 3614 penit
849 3538 922 3595 donc
932 3558 988 3615 que
1000 3540 1040 3595 tce
1052 3538 1196 3614 scrupula

141 3634 169 3684 oi
180 3630 339 3685 denserent
351 3629 433 3685 tiene
445 3628 470 3683 ia
479 3629 645 3686 dissolution
654 3628 693 3684 du
704 3631 841 3703 maringe,
854 3648 890 3684 ne
902 3629 1062 3685 s'cleserent
1075 3630 1196 3705 qu'assee

140 3719 183 3773 nd
204 3718 276 3773 dans
294 3719 319 3774 la
336 3721 498 3775 conscience
517 3719 553 3773 dc
571 3719 733 3775 Goillaume
751 3718 787 3774 de
806 3719 941 3786 Monlim,
961 3730 990 3774 ct
1010 3737 1081 3775 nous
1095 3738 1197 3793 noyons

141 3809 204 3863 n'its
214 3808 360 3864 n’ndenent
374 3827 422 3883 pse
432 3809 543 3884 josqn't
554 3809 593 3865 Ιυί
604 3810 672 3865 inire
685 3810 816 3866 restitues
827 3809 867 3865 les
879 3809 1023 3866 domnincs
1035 3811 1196 3886 qn’Aubcee

140 3911 192 3952 san
206 3904 338 3972 apportes
350 3918 385 3954 en
396 3899 454 3955 dot.

160 3993 179 4043 ἰ
188 4026 195 4057 ,
214 3995 296 4045 t'aette
314 3992 395 4047 dame
413 3993 481 4047 etait
499 4010 573 4047 soeui·
586 3990 745 4060 d'Adcline,
766 3993 867 4048 semme
883 3992 919 4048 de
938 3991 1033 4067 Roget
1055 3993 1090 4049 de
1107 3994 1194 4049 Beso-

140 4094 211 4136 sont.
229 4082 349 4138 teies-nn
368 4082 395 4137 lt
413 4082 528 4137 succede
546 4087 561 4136 t
582 4100 631 4138 eon
649 4083 721 4138 seire
741 4083 856 4155 lingum·
871 4083 903 4137 1⁰·
922 4082 1034 4141 densis
1051 4090 1142 4141 comte
1159 4084 1195 4139 dc

140 4173 248 4240 tentas,
264 4192 325 4230 cers
342 4172 421 4239 ιοιό,
436 4185 464 4227 ct
480 4174 628 4230 mouentis
641 4178 658 4229 8
671 4173 785 4231 octobre
798 4172 913 4250 1069011
932 4192 1008 4250 ¹⁰7⁰·
