2768 5094
263 395 321 454 teo
537 390 722 452 HISTORIA
744 388 1048 451 Enctntttsrtct.
1124 393 1325 470 [lom-tw}
1374 402 1379 451 t

262 509 489 613 quotidianas
514 510 759 611 expeditiones
787 535 863 584 non
893 512 970 584 siue
996 534 1127 611 magna
1155 513 1327 612 unguinis

263 629 452 730 utriusque
469 629 581 729 partis
604 629 780 703 effinione
802 625 1097 728 frequentabunt.
1121 628 1206 702 Rex
1221 645 1328 703 auten
1372 648 1381 693 t

263 745 359 817 inter
379 760 433 818 tot
454 743 637 818 bellorum
647 745 836 818 motiones
857 769 979 817 recum
995 744 1129 818 milites
1145 769 1236 819 suos
1251 746 1329 818 neti—
1373 772 1381 805 r

264 887 350 935 nere
375 861 566 960 cupiebat,
596 879 633 936 et
659 879 771 936 terras
796 887 882 934 eum
905 859 1108 934 redditibus
1135 879 1178 935 et
1205 863 1330 961 mngm's
1374 888 1380 927 r

266 979 502 1077 potestatibus
515 981 565 1054 eis
580 978 819 1053 amicabiliter
831 977 1019 1068 offerebat,
1032 994 1071 1053 et
1082 983 1243 1078 maJora,
1256 978 1330 1052 d
1374 1004 1380 1045 e

266 1112 385 1170 totum
397 1123 552 1198 regnum
565 1096 612 1170 ub
625 1096 834 1170 adversariis
845 1091 1005 1198 undique
1015 1096 1217 1171 liberatum
1231 1113 1330 1182 met,
1375 1120 1380 1164 ·:

265 1213 514 1313 promittebat.
551 1215 717 1316 legitimi
754 1212 926 1304 barones,
960 1214 1175 1314 strenuique
1206 1211 1332 1314 pugilo
1376 1237 1379 1277 Ι

266 1331 516 1430 multiplieiter
532 1331 786 1426 anxiabantur,
802 1331 890 1404 dum
905 1357 1026 1432 regem
1041 1356 1151 1404 suum
1170 1356 1259 1404 cum
1274 1329 1379 1403 lra-

267 1447 384 1520 tribus
412 1451 485 1522 suis
517 1466 554 1523 et
585 1450 731 1538 amicir,
760 1450 938 1550 sociisque
964 1448 1095 1522 sedulis
1122 1449 1363 1522 circumdari
1359 1432 1362 1476 ¹

267 1565 371 1640 bellis
390 1567 673 1658 intuebantur3
665 1569 817 1670 ipsique,
833 1595 861 1640 u
852 1565 1116 1655 diseederent,
1131 1566 1239 1641 infidi
1254 1591 1333 1667 pro·
1360 1582 1364 1667 Ι

266 1682 423 1773 ditores,
443 1684 633 1786 timidique
648 1684 848 1761 desertores
864 1685 982 1785 palam
999 1687 1138 1759 censeri
1160 1683 1333 1760 verelnn·
1362 1682 1365 1689 ’

269 1814 343 1872 tur.
366 1800 499 1873 Rursus
517 1800 747 1877 honorabiles
764 1802 909 1875 athletae
922 1802 1011 1902 quid
1030 1800 1216 1889 laoerent,
1233 1803 1262 1873 si
1279 1801 1334 1873 las·

267 1919 355 1991 civae
375 1923 544 2020 conjuges
565 1919 714 2006 thorum
731 1944 836 1992 suum
854 1918 1032 1992 adulterio
1050 1917 1285 2019 polluerent,
1306 1932 1335 1989 et

269 2037 456 2136 progeniei
484 2063 557 2111 suae
579 2039 749 2138 perennis
771 2034 922 2111 macule
947 2051 1071 2110 notam
1096 2051 1135 2110 et
1157 2035 1335 2109 infamiam

267 2152 506 2253 generarent?
519 2155 625 2228 Unde
641 2158 746 2256 Hugo
762 2155 807 2228 de
821 2152 1121 2242 Grentemaisnil,
1136 2154 1202 2254 qui
1221 2153 1338 2253 presi·

268 2269 393 2341 datum
402 2268 664 2358 Gewissorum,
681 2272 718 2343 id
729 2286 800 2345 est:
813 2273 1013 2345 Guentanae
1025 2270 1187 2370 regionis
1199 2270 1262 2368 (r)
1272 2273 1337 2368 jau

268 2382 459 2476 babuerat,
485 2404 521 2459 et
545 2388 707 2461 sororius
734 2391 808 2485 ejus
825 2385 1002 2460 Unfridus
1022 2384 1067 2458 de
1084 2383 1249 2459 Telliolo
1265 2386 1337 2484 (a),

268 2504 330 2601 qui
351 2504 536 2603 Hartingas
548 2531 567 2575 a
581 2505 697 2604 prima
711 2504 769 2577 die
782 2504 1065 2580 constructionis
1081 2502 1125 2576 ad
1140 2503 1340 2578 eustodieu

268 2616 355 2688 dum
370 2635 591 2716 susceperat,
614 2620 747 2721 aliique
765 2621 871 2692 multi
886 2621 1151 2710 discesserunt,
1169 2636 1209 2693 et
1226 2640 1341 2720 regem

271 2735 367 2808 inter
381 2750 522 2810 exteros
542 2736 766 2810 laborantem
781 2740 900 2810 tristes
918 2753 953 2811 et
968 2738 1072 2809 inviti
1086 2734 1338 2810 deseruerunt.

270 2851 407 2926 Deinde
424 2853 587 2926 famulari
603 2853 741 2927 lascivis
756 2851 971 2928 dominabus
988 2854 1059 2924 suis
1081 2853 1118 2924 in
1137 2851 1342 2926 Neustriam

271 2973 400 3042 reversi
427 2988 531 3058 sunt;
560 2972 620 3044 sed
644 2971 820 3057 honores,
846 2997 937 3072 quos
962 2974 1037 3070 jam
1059 2985 1187 3042 nactos
1211 2970 1280 3042 buc
1303 2969 1345 3041 de

271 3112 370 3158 causa
394 3088 641 3187 reliquerunt,
667 3090 732 3187 ipsi
756 3090 811 3161 vel
839 3087 985 3162 heredes
1009 3112 1136 3160 eorum
1154 3111 1343 3189 nunquam

270 3220 392 3301 postea
408 3230 619 3304 recuperare
637 3221 839 3304 potnerunt
856 3209 921 3302 (3).

303 3453 313 3520 l
319 3454 343 3521 r)
360 3451 401 3506 Ce
414 3461 632 3523 gouvernement
642 3451 734 3506 deruit
747 3454 890 3523 presentes
902 3448 928 3503 la
939 3450 1031 3504 meme
1042 3449 1280 3522 circonscriptio-
1291 3464 1345 3522 qne

271 3539 297 3594 le
309 3541 490 3614 Hampsbire‚
504 3540 575 3596 dont
588 3542 770 3596 Wiuchester
782 3551 825 3596 est
836 3558 937 3596 encore
949 3538 1130 3617 aujourd’bui
1141 3537 1169 3593 le
1181 3538 1328 3595 ebes-lieu.

305 3632 344 3699 (a)
365 3631 400 3683 le
415 3630 680 3704 Tilleulenuluge,
697 3633 737 3684 aa
751 3631 837 3685 lieuer
851 3648 886 3684 au
897 3628 968 3684 nord
978 3628 1013 3684 de
1025 3625 1255 3684 (lund-liernil.

305 3718 345 3789 (3)
364 3721 400 3775 le
411 3722 606 3776 ressentiment
619 3721 654 3774 de
665 3718 829 3775 Guillaume
847 3730 944 3775 contre
960 3718 1076 3792 Hngues
1091 3715 1127 3773 de
1138 3715 1348 3774 Grentemesuil

272 3829 307 3863 ne
325 3812 413 3880 paruit
431 3831 478 3884 pas
497 3814 572 3867 avoir
585 3815 629 3866 e'te'
642 3813 712 3865 aussi
730 3809 846 3865 durable
859 3829 914 3885 que
926 3821 1006 3865 notre
1019 3819 1119 3864 auteur
1132 3807 1264 3863 sondrait
1279 3824 1349 3863 m

273 3897 297 3951 le
313 3898 469 3969 persuades.
486 3901 548 3954 Non
563 3899 715 3953 seulement
735 3919 765 3952 ce
784 3902 913 3970 seigneur·
932 3901 1021 3953 rerinl
1037 3917 1072 3953 en
1091 3897 1258 3971 Angleterne
1275 3899 1313 3951 oti
1330 3896 1348 3950 il

274 3987 424 4060 possiduit,
441 3994 454 4041 a
471 3989 596 4062 l’epoque
612 3988 645 4041 de
663 3990 686 4042 la
702 3989 842 4044 retlaction
862 3990 899 4044 du
918 3988 1078 4062 [lomesduy
1094 3986 1185 4049 Boot,
1202 4005 1241 4042 nn
1260 3986 1348 4057 grand

275 4077 391 4131 nombre
405 4078 439 4131 ‹le
453 4079 611 4141 domninus,
628 4091 652 4130 rt
674 4082 710 4132 ou
726 4080 744 4132 il
760 4099 855 4152 exerea
875 4080 923 4134 des
937 4081 1075 4133 lonctiont
1088 4078 1261 4137 brunenses.
1282 4092 1349 4130 utare

273 4185 374 4222 encore
390 4188 417 4223 sa
432 4169 533 4223 lemme
548 4168 657 4223 Adelrse
672 4172 758 4225 tenuit
769 4170 954 4226 directement
965 4170 1000 4225 de
1016 4169 1040 4223 la
1053 4183 1196 4223 conrnune
1210 4165 1349 4241 plinium
