<?xml version="1.0" encoding="UTF-8"?>
<!DOCTYPE html PUBLIC "-//W3C//DTD XHTML 1.0 Transitional//EN"
    "http://www.w3.org/TR/xhtml1/DTD/xhtml1-transitional.dtd">
<html xmlns="http://www.w3.org/1999/xhtml" xml:lang="en" lang="en">
 <head>
  <title>
</title>
<meta http-equiv="Content-Type" content="text/html;charset=utf-8" />
  <meta name='ocr-system' content='tesseract 3.04.00' />
  <meta name='ocr-capabilities' content='ocr_page ocr_carea ocr_par ocr_line ocrx_word'/>
</head>
<body>
  <div class='ocr_page' id='page_1' title='image "./ordericivitalis06deligoog/ordericivitalis06deligoog_0330.png"; bbox 0 0 2768 5094; ppageno 0'>
   <div class='ocr_carea' id='block_1_1' title="bbox 16 343 1119 422">
    <p class='ocr_par' dir='ltr' id='par_1_1' title="bbox 16 343 1119 422">
     <span class='ocr_line' id='line_1_1' title="bbox 16 343 1119 422; baseline 0.014 -20"><span class='ocrx_word' id='word_1_1' title='bbox 16 344 155 421; x_wconf 80' lang='lat' dir='ltr'><em>[soso]</em></span> <span class='ocrx_word' id='word_1_2' title='bbox 418 343 534 406; x_wconf 72' lang='lat' dir='ltr'><em>usos</em></span> <span class='ocrx_word' id='word_1_3' title='bbox 556 345 739 422; x_wconf 71' lang='lat' dir='ltr'><em>Quintus.</em></span> <span class='ocrx_word' id='word_1_4' title='bbox 1058 358 1119 418; x_wconf 81' lang='lat'><em>³17</em></span> 
     </span>
    </p>
   </div>
   <div class='ocr_carea' id='block_1_2' title="bbox 20 472 1131 4199">
    <p class='ocr_par' dir='ltr' id='par_1_2' title="bbox 20 472 1119 915">
     <span class='ocr_line' id='line_1_2' title="bbox 20 472 1116 576; baseline 0.013 -40"><span class='ocrx_word' id='word_1_5' title='bbox 20 488 182 537; x_wconf 66' lang='lat' dir='ltr'><em>atores</em></span> <span class='ocrx_word' id='word_1_6' title='bbox 194 480 388 565; x_wconf 76' lang='lat' dir='ltr'><em>potentum</em></span> <span class='ocrx_word' id='word_1_7' title='bbox 408 493 575 551; x_wconf 84' lang='lat' dir='ltr'><em>suorum,</em></span> <span class='ocrx_word' id='word_1_8' title='bbox 595 472 757 571; x_wconf 81' lang='lat' dir='ltr'><em>episcopi</em></span> <span class='ocrx_word' id='word_1_9' title='bbox 775 478 992 546; x_wconf 89' lang='lat' dir='ltr'><em>canonicam</em></span> <span class='ocrx_word' id='word_1_10' title='bbox 1005 478 1116 576; x_wconf 83' lang='lat' dir='ltr'><em>justi-</em></span> 
     </span>
     <span class='ocr_line' id='line_1_3' title="bbox 25 580 1119 680; baseline 0.016 -30"><span class='ocrx_word' id='word_1_11' title='bbox 25 580 136 651; x_wconf 73' lang='lat' dir='ltr'><em>tiam</em></span> <span class='ocrx_word' id='word_1_12' title='bbox 153 598 394 680; x_wconf 68' lang='lat' dir='ltr'><em>exequantur.</em></span> <span class='ocrx_word' id='word_1_13' title='bbox 416 584 500 655; x_wconf 71' lang='lat' dir='ltr'><em>Rex</em></span> <span class='ocrx_word' id='word_1_14' title='bbox 519 589 613 655; x_wconf 86' lang='lat' dir='ltr'><em>enim</em></span> <span class='ocrx_word' id='word_1_15' title='bbox 632 588 718 659; x_wconf 87' lang='lat' dir='ltr'><em>inde</em></span> <span class='ocrx_word' id='word_1_16' title='bbox 736 586 877 660; x_wconf 86' lang='lat' dir='ltr'><em>nullum</em></span> <span class='ocrx_word' id='word_1_17' title='bbox 891 594 1043 664; x_wconf 81' lang='lat' dir='ltr'><em>sustinet</em></span> <span class='ocrx_word' id='word_1_18' title='bbox 1058 596 1119 667; x_wconf 84' lang='lat' dir='ltr'><em>vel</em></span> 
     </span>
     <span class='ocr_line' id='line_1_4' title="bbox 29 698 1119 804; baseline 0.013 -35"><span class='ocrx_word' id='word_1_19' title='bbox 29 712 180 788; x_wconf 74' lang='lat' dir='ltr'><em>tuetur,</em></span> <span class='ocrx_word' id='word_1_20' title='bbox 206 698 274 772; x_wconf 81' lang='lat' dir='ltr'><em>sed</em></span> <span class='ocrx_word' id='word_1_21' title='bbox 292 701 417 802; x_wconf 87' lang='lat' dir='ltr'><em>potius</em></span> <span class='ocrx_word' id='word_1_22' title='bbox 440 703 631 803; x_wconf 86' lang='lat' dir='ltr'><em>episcopos</em></span> <span class='ocrx_word' id='word_1_23' title='bbox 653 704 866 804; x_wconf 76' lang='lat' dir='ltr'><em>adjuvando</em></span> <span class='ocrx_word' id='word_1_24' title='bbox 887 706 1057 783; x_wconf 77' lang='lat' dir='ltr'><em>admonet</em></span> <span class='ocrx_word' id='word_1_25' title='bbox 1080 730 1119 783; x_wconf 89' lang='lat' dir='ltr'><em>ut</em></span> 
     </span>
     <span class='ocr_line' id='line_1_5' title="bbox 36 812 557 915; baseline 0.008 -30"><span class='ocrx_word' id='word_1_26' title='bbox 36 812 109 887; x_wconf 59' lang='lat' dir='ltr'><em>ter</em></span> <span class='ocrx_word' id='word_1_27' title='bbox 128 816 204 888; x_wconf 87' lang='lat' dir='ltr'><em>Dei</em></span> <span class='ocrx_word' id='word_1_28' title='bbox 208 816 368 915; x_wconf 81' lang='lat' dir='ltr'><em>firmiter</em></span> <span class='ocrx_word' id='word_1_29' title='bbox 383 834 557 889; x_wconf 86' lang='lat' dir='ltr'><em>teneatur.</em></span> 
     </span>
    </p>

    <p class='ocr_par' dir='ltr' id='par_1_3' title="bbox 39 934 1125 2913">
     <span class='ocr_line' id='line_1_6' title="bbox 95 934 1120 1034; baseline 0.012 -29"><span class='ocrx_word' id='word_1_30' title='bbox 95 934 365 1034; x_wconf 55' lang='lat' dir='ltr'><em>&amp;Presbyteri</em></span> <span class='ocrx_word' id='word_1_31' title='bbox 377 936 539 1026; x_wconf 90' lang='lat' dir='ltr'><em>diaconi,</em></span> <span class='ocrx_word' id='word_1_32' title='bbox 551 936 1120 1018; x_wconf 77' lang='lat' dir='ltr'><em>subdiaconietornnescanonici</em></span> 
     </span>
     <span class='ocr_line' id='line_1_7' title="bbox 40 1050 1120 1152; baseline 0.01 -29"><span class='ocrx_word' id='word_1_33' title='bbox 40 1066 77 1123; x_wconf 85' lang='lat' dir='ltr'><em>et</em></span> <span class='ocrx_word' id='word_1_34' title='bbox 95 1050 235 1124; x_wconf 86' lang='lat' dir='ltr'><em>decani</em></span> <span class='ocrx_word' id='word_1_35' title='bbox 250 1052 391 1126; x_wconf 85' lang='lat' dir='ltr'><em>nuliam</em></span> <span class='ocrx_word' id='word_1_36' title='bbox 406 1056 554 1127; x_wconf 89' lang='lat' dir='ltr'><em>omnino</em></span> <span class='ocrx_word' id='word_1_37' title='bbox 564 1056 751 1151; x_wconf 88' lang='lat' dir='ltr'><em>feminam</em></span> <span class='ocrx_word' id='word_1_38' title='bbox 768 1056 939 1131; x_wconf 87' lang='lat' dir='ltr'><em>babeant.</em></span> <span class='ocrx_word' id='word_1_39' title='bbox 957 1060 1120 1152; x_wconf 81' lang='lat' dir='ltr'><em>Quodsi</em></span> 
     </span>
     <span class='ocr_line' id='line_1_8' title="bbox 43 1168 1115 1272; baseline 0.009 -33"><span class='ocrx_word' id='word_1_40' title='bbox 43 1168 187 1267; x_wconf 81' lang='lat' dir='ltr'><em>aliquis</em></span> <span class='ocrx_word' id='word_1_41' title='bbox 201 1187 286 1271; x_wconf 83' lang='lat' dir='ltr'><em>post</em></span> <span class='ocrx_word' id='word_1_42' title='bbox 305 1171 470 1242; x_wconf 84' lang='lat' dir='ltr'><em>eumdem</em></span> <span class='ocrx_word' id='word_1_43' title='bbox 487 1172 634 1272; x_wconf 84' lang='lat' dir='ltr'><em>eulpam</em></span> <span class='ocrx_word' id='word_1_44' title='bbox 650 1176 753 1245; x_wconf 85' lang='lat' dir='ltr'><em>visus</em></span> <span class='ocrx_word' id='word_1_45' title='bbox 764 1177 887 1270; x_wconf 75' lang='lat' dir='ltr'><em>suerit</em></span> <span class='ocrx_word' id='word_1_46' title='bbox 904 1179 1115 1268; x_wconf 74' lang='lat' dir='ltr'><em>incurrisse,</em></span> 
     </span>
     <span class='ocr_line' id='line_1_9' title="bbox 45 1286 1115 1387; baseline 0.012 -35"><span class='ocrx_word' id='word_1_47' title='bbox 45 1286 80 1355; x_wconf 93' lang='lat' dir='ltr'><em>si</em></span> <span class='ocrx_word' id='word_1_48' title='bbox 92 1311 166 1386; x_wconf 88' lang='lat' dir='ltr'><em>per</em></span> <span class='ocrx_word' id='word_1_49' title='bbox 182 1287 362 1357; x_wconf 74' lang='lat' dir='ltr'><em>ministros</em></span> <span class='ocrx_word' id='word_1_50' title='bbox 378 1289 539 1386; x_wconf 79' lang='lat' dir='ltr'><em>episcopi</em></span> <span class='ocrx_word' id='word_1_51' title='bbox 554 1287 640 1360; x_wconf 85' lang='lat' dir='ltr'><em>inde</em></span> <span class='ocrx_word' id='word_1_52' title='bbox 652 1294 756 1387; x_wconf 83' lang='lat' dir='ltr'><em>prius</em></span> <span class='ocrx_word' id='word_1_53' title='bbox 764 1288 885 1387; x_wconf 76' lang='lat' dir='ltr'><em>fecerit</em></span> <span class='ocrx_word' id='word_1_54' title='bbox 901 1308 1115 1381; x_wconf 86' lang='lat' dir='ltr'><em>accusatus,</em></span> 
     </span>
     <span class='ocr_line' id='line_1_10' title="bbox 47 1390 1119 1509; baseline 0.011 -38"><span class='ocrx_word' id='word_1_55' title='bbox 47 1404 85 1471; x_wconf 88' lang='lat' dir='ltr'><em>in</em></span> <span class='ocrx_word' id='word_1_56' title='bbox 99 1404 208 1473; x_wconf 87' lang='lat' dir='ltr'><em>curia</em></span> <span class='ocrx_word' id='word_1_57' title='bbox 220 1390 384 1503; x_wconf 77' lang='lat' dir='ltr'><em>episcopi</em></span> <span class='ocrx_word' id='word_1_58' title='bbox 394 1430 434 1475; x_wconf 86' lang='lat' dir='ltr'><em>se</em></span> <span class='ocrx_word' id='word_1_59' title='bbox 440 1405 630 1504; x_wconf 79' lang='lat' dir='ltr'><em>purgabit.</em></span> <span class='ocrx_word' id='word_1_60' title='bbox 643 1406 689 1476; x_wconf 88' lang='lat' dir='ltr'><em>Si</em></span> <span class='ocrx_word' id='word_1_61' title='bbox 698 1433 781 1479; x_wconf 86' lang='lat' dir='ltr'><em>uero</em></span> <span class='ocrx_word' id='word_1_62' title='bbox 788 1408 1119 1509; x_wconf 78' lang='lat' dir='ltr'><em>parrocbranorum</em></span> 
     </span>
     <span class='ocr_line' id='line_1_11' title="bbox 46 1517 1118 1623; baseline 0.007 -32"><span class='ocrx_word' id='word_1_63' title='bbox 46 1518 109 1591; x_wconf 76' lang='lat' dir='ltr'><em>oei</em></span> <span class='ocrx_word' id='word_1_64' title='bbox 119 1517 350 1591; x_wconf 84' lang='lat' dir='ltr'><em>dominonau</em></span> <span class='ocrx_word' id='word_1_65' title='bbox 362 1546 510 1592; x_wconf 84' lang='lat' dir='ltr'><em>suorum</em></span> <span class='ocrx_word' id='word_1_66' title='bbox 521 1521 656 1620; x_wconf 84' lang='lat' dir='ltr'><em>aliquis</em></span> <span class='ocrx_word' id='word_1_67' title='bbox 668 1549 748 1592; x_wconf 79' lang='lat' dir='ltr'><em>eunt</em></span> <span class='ocrx_word' id='word_1_68' title='bbox 759 1528 864 1623; x_wconf 83' lang='lat' dir='ltr'><em>prius</em></span> <span class='ocrx_word' id='word_1_69' title='bbox 875 1529 1118 1615; x_wconf 76' lang='lat' dir='ltr'><em>accusaverit,</em></span> 
     </span>
     <span class='ocr_line' id='line_1_12' title="bbox 48 1634 1121 1741; baseline 0.006 -32"><span class='ocrx_word' id='word_1_70' title='bbox 48 1634 184 1709; x_wconf 73' lang='lat' dir='ltr'><em>bahem</em></span> <span class='ocrx_word' id='word_1_71' title='bbox 199 1653 395 1709; x_wconf 74' lang='lat' dir='ltr'><em>accusatus</em></span> <span class='ocrx_word' id='word_1_72' title='bbox 409 1636 580 1709; x_wconf 78' lang='lat' dir='ltr'><em>inducias</em></span> <span class='ocrx_word' id='word_1_73' title='bbox 599 1654 637 1708; x_wconf 84' lang='lat' dir='ltr'><em>ut</em></span> <span class='ocrx_word' id='word_1_74' title='bbox 650 1665 731 1709; x_wconf 88' lang='lat' dir='ltr'><em>curn</em></span> <span class='ocrx_word' id='word_1_75' title='bbox 747 1643 919 1740; x_wconf 80' lang='lat' dir='ltr'><em>episcopo</em></span> <span class='ocrx_word' id='word_1_76' title='bbox 932 1644 1052 1741; x_wconf 77' lang='lat' dir='ltr'><em>possit</em></span> <span class='ocrx_word' id='word_1_77' title='bbox 1065 1641 1121 1715; x_wconf 84' lang='lat' dir='ltr'><em>lo-</em></span> 
     </span>
     <span class='ocr_line' id='line_1_13' title="bbox 48 1754 1124 1857; baseline 0.007 -34"><span class='ocrx_word' id='word_1_78' title='bbox 48 1755 133 1850; x_wconf 56' lang='lat' dir='ltr'><em>qut}</em></span> <span class='ocrx_word' id='word_1_79' title='bbox 145 1770 181 1825; x_wconf 87' lang='lat' dir='ltr'><em>et</em></span> <span class='ocrx_word' id='word_1_80' title='bbox 196 1759 228 1825; x_wconf 89' lang='lat' dir='ltr'><em>si</em></span> <span class='ocrx_word' id='word_1_81' title='bbox 241 1779 280 1823; x_wconf 89' lang='lat' dir='ltr'><em>sc</em></span> <span class='ocrx_word' id='word_1_82' title='bbox 289 1780 454 1854; x_wconf 73' lang='lat' dir='ltr'><em>purgare</em></span> <span class='ocrx_word' id='word_1_83' title='bbox 467 1754 638 1841; x_wconf 82' lang='lat' dir='ltr'><em>volucrit,</em></span> <span class='ocrx_word' id='word_1_84' title='bbox 656 1757 693 1825; x_wconf 91' lang='lat' dir='ltr'><em>in</em></span> <span class='ocrx_word' id='word_1_85' title='bbox 707 1756 835 1827; x_wconf 85' lang='lat' dir='ltr'><em>eadem</em></span> <span class='ocrx_word' id='word_1_86' title='bbox 843 1757 1046 1857; x_wconf 73' lang='lat' dir='ltr'><em>parrochia</em></span> <span class='ocrx_word' id='word_1_87' title='bbox 1060 1760 1124 1830; x_wconf 88' lang='lat' dir='ltr'><em>cui</em></span> 
     </span>
     <span class='ocr_line' id='line_1_14' title="bbox 48 1870 1123 1976; baseline 0.005 -35"><span class='ocrx_word' id='word_1_88' title='bbox 48 1872 177 1959; x_wconf 71' lang='lat' dir='ltr'><em>semis,</em></span> <span class='ocrx_word' id='word_1_89' title='bbox 200 1870 439 1970; x_wconf 77' lang='lat' dir='ltr'><em>prasentibus</em></span> <span class='ocrx_word' id='word_1_90' title='bbox 459 1870 714 1969; x_wconf 83' lang='lat' dir='ltr'><em>parrocbiom&#39;s</em></span> <span class='ocrx_word' id='word_1_91' title='bbox 735 1870 905 1972; x_wconf 85' lang='lat' dir='ltr'><em>pluribus</em></span> <span class='ocrx_word' id='word_1_92' title='bbox 931 1890 1015 1944; x_wconf 85' lang='lat' dir='ltr'><em>ante</em></span> <span class='ocrx_word' id='word_1_93' title='bbox 1040 1875 1123 1976; x_wconf 86' lang='lat' dir='ltr'><em>cpi-</em></span> 
     </span>
     <span class='ocr_line' id='line_1_15' title="bbox 49 1985 1121 2086; baseline 0.003 -30"><span class='ocrx_word' id='word_1_94' title='bbox 49 1990 150 2086; x_wconf 90' lang='lat' dir='ltr'><em>scopi</em></span> <span class='ocrx_word' id='word_1_95' title='bbox 166 1989 351 2059; x_wconf 86' lang='lat' dir='ltr'><em>ministros</em></span> <span class='ocrx_word' id='word_1_96' title='bbox 367 2002 401 2057; x_wconf 85' lang='lat' dir='ltr'><em>et</em></span> <span class='ocrx_word' id='word_1_97' title='bbox 421 2012 544 2058; x_wconf 87' lang='lat' dir='ltr'><em>eorum</em></span> <span class='ocrx_word' id='word_1_98' title='bbox 556 1985 704 2085; x_wconf 87' lang='lat' dir='ltr'><em>judicio</em></span> <span class='ocrx_word' id='word_1_99' title='bbox 719 2013 758 2057; x_wconf 84' lang='lat' dir='ltr'><em>se</em></span> <span class='ocrx_word' id='word_1_100' title='bbox 771 1988 958 2085; x_wconf 78' lang='lat' dir='ltr'><em>purgabit.</em></span> <span class='ocrx_word' id='word_1_101' title='bbox 975 1989 1020 2058; x_wconf 81' lang='lat' dir='ltr'><em>Si</em></span> <span class='ocrx_word' id='word_1_102' title='bbox 1035 2015 1121 2059; x_wconf 80' lang='lat' dir='ltr'><em>uero</em></span> 
     </span>
     <span class='ocr_line' id='line_1_16' title="bbox 45 2103 1122 2207; baseline 0 -30"><span class='ocrx_word' id='word_1_103' title='bbox 45 2129 212 2205; x_wconf 79' lang='lat' dir='ltr'><em>purgare</em></span> <span class='ocrx_word' id='word_1_104' title='bbox 220 2131 261 2176; x_wconf 85' lang='lat' dir='ltr'><em>se</em></span> <span class='ocrx_word' id='word_1_105' title='bbox 271 2130 344 2177; x_wconf 90' lang='lat' dir='ltr'><em>non</em></span> <span class='ocrx_word' id='word_1_106' title='bbox 349 2107 522 2207; x_wconf 83' lang='lat' dir='ltr'><em>potuerit,</em></span> <span class='ocrx_word' id='word_1_107' title='bbox 537 2103 747 2175; x_wconf 81' lang='lat' dir='ltr'><em>Ecclesiam</em></span> <span class='ocrx_word' id='word_1_108' title='bbox 757 2105 886 2205; x_wconf 59' lang='lat' dir='ltr'><em>&#39;sordet</em></span> <span class='ocrx_word' id='word_1_109' title='bbox 901 2107 1122 2206; x_wconf 86' lang='lat' dir='ltr'><em>irrecupera-</em></span> 
     </span>
     <span class='ocr_line' id='line_1_17' title="bbox 51 2221 1125 2322; baseline 0 -31"><span class='ocrx_word' id='word_1_110' title='bbox 51 2222 184 2295; x_wconf 77' lang='lat' dir='ltr'><em>biliter.</em></span> <span class='ocrx_word' id='word_1_111' title='bbox 214 2222 300 2295; x_wconf 87' lang='lat' dir='ltr'><em>Hoc</em></span> <span class='ocrx_word' id='word_1_112' title='bbox 323 2221 525 2319; x_wconf 72' lang='lat' dir='ltr'><em>pradictus</em></span> <span class='ocrx_word' id='word_1_113' title='bbox 553 2246 619 2289; x_wconf 71' lang='lat' dir='ltr'><em>roa</em></span> <span class='ocrx_word' id='word_1_114' title='bbox 644 2223 791 2297; x_wconf 85' lang='lat' dir='ltr'><em>statuit,</em></span> <span class='ocrx_word' id='word_1_115' title='bbox 819 2247 892 2292; x_wconf 91' lang='lat' dir='ltr'><em>non</em></span> <span class='ocrx_word' id='word_1_116' title='bbox 916 2226 1125 2322; x_wconf 82' lang='lat' dir='ltr'><em>perenniter</em></span> 
     </span>
     <span class='ocr_line' id='line_1_18' title="bbox 51 2335 1122 2443; baseline -0.002 -30"><span class='ocrx_word' id='word_1_117' title='bbox 51 2342 235 2443; x_wconf 83' lang='lat' dir='ltr'><em>episcopis</em></span> <span class='ocrx_word' id='word_1_118' title='bbox 250 2343 328 2413; x_wconf 85' lang='lat' dir='ltr'><em>suis</em></span> <span class='ocrx_word' id='word_1_119' title='bbox 343 2336 543 2439; x_wconf 59' lang='lat' dir='ltr'><em>afferendo</em></span> <span class='ocrx_word' id='word_1_120' title='bbox 561 2335 718 2407; x_wconf 81' lang='lat' dir='ltr'><em>debitam</em></span> <span class='ocrx_word' id='word_1_121' title='bbox 729 2341 932 2437; x_wconf 84' lang='lat' dir='ltr'><em>justitiam,</em></span> <span class='ocrx_word' id='word_1_122' title='bbox 951 2340 1018 2410; x_wconf 89' lang='lat' dir='ltr'><em>sed</em></span> <span class='ocrx_word' id='word_1_123' title='bbox 1033 2342 1122 2438; x_wconf 90' lang='lat' dir='ltr'><em>quia</em></span> 
     </span>
     <span class='ocr_line' id='line_1_19' title="bbox 50 2456 1124 2561; baseline 0.002 -34"><span class='ocrx_word' id='word_1_124' title='bbox 50 2460 212 2561; x_wconf 74' lang='lat' dir='ltr'><em>episcopi</em></span> <span class='ocrx_word' id='word_1_125' title='bbox 244 2482 288 2529; x_wconf 79' lang='lat' dir='ltr'><em>eo</em></span> <span class='ocrx_word' id='word_1_126' title='bbox 316 2473 475 2558; x_wconf 77' lang='lat' dir='ltr'><em>temporo</em></span> <span class='ocrx_word' id='word_1_127' title='bbox 502 2456 623 2527; x_wconf 82' lang='lat' dir='ltr'><em>nunus</em></span> <span class='ocrx_word' id='word_1_128' title='bbox 647 2480 760 2552; x_wconf 86' lang='lat' dir='ltr'><em>quarn</em></span> <span class='ocrx_word' id='word_1_129' title='bbox 787 2459 1009 2527; x_wconf 81' lang='lat' dir='ltr'><em>conuenisset</em></span> <span class='ocrx_word' id='word_1_130' title='bbox 1037 2456 1124 2529; x_wconf 85' lang='lat' dir='ltr'><em>inde</em></span> 
     </span>
     <span class='ocr_line' id='line_1_20' title="bbox 39 2570 1123 2674; baseline 0 -29"><span class='ocrx_word' id='word_1_131' title='bbox 39 2574 214 2671; x_wconf 72' lang='lat' dir='ltr'><em>jecerant</em></span> <span class='ocrx_word' id='word_1_132' title='bbox 218 2605 238 2661; x_wconf 85' lang='lat'><em>,·</em></span> <span class='ocrx_word' id='word_1_133' title='bbox 250 2572 371 2647; x_wconf 87' lang='lat' dir='ltr'><em>donec</em></span> <span class='ocrx_word' id='word_1_134' title='bbox 388 2576 467 2674; x_wconf 84' lang='lat' dir='ltr'><em>ipso</em></span> <span class='ocrx_word' id='word_1_135' title='bbox 482 2598 607 2643; x_wconf 72' lang='lat' dir='ltr'><em>eonem</em></span> <span class='ocrx_word' id='word_1_136' title='bbox 620 2570 750 2645; x_wconf 82' lang='lat' dir='ltr'><em>videns</em></span> <span class='ocrx_word' id='word_1_137' title='bbox 766 2572 1055 2645; x_wconf 81' lang='lat' dir='ltr'><em>emendationem</em></span> <span class='ocrx_word' id='word_1_138' title='bbox 1069 2575 1123 2645; x_wconf 85' lang='lat' dir='ltr'><em>cis</em></span> 
     </span>
     <span class='ocr_line' id='line_1_21' title="bbox 52 2686 1123 2792; baseline -0.002 -31"><span class='ocrx_word' id='word_1_139' title='bbox 52 2690 218 2765; x_wconf 79' lang='lat' dir='ltr'><em>redderet</em></span> <span class='ocrx_word' id='word_1_140' title='bbox 237 2714 307 2792; x_wconf 83' lang='lat' dir='ltr'><em>pto</em></span> <span class='ocrx_word' id='word_1_141' title='bbox 328 2686 538 2787; x_wconf 78' lang='lat' dir='ltr'><em>bonejucto,</em></span> <span class='ocrx_word' id='word_1_142' title='bbox 563 2688 666 2787; x_wconf 87' lang='lat' dir='ltr'><em>quod</em></span> <span class='ocrx_word' id='word_1_143' title='bbox 685 2705 772 2761; x_wconf 77' lang='lat' dir='ltr'><em>truso</em></span> <span class='ocrx_word' id='word_1_144' title='bbox 793 2688 840 2760; x_wconf 86' lang='lat' dir='ltr'><em>do</em></span> <span class='ocrx_word' id='word_1_145' title='bbox 862 2716 975 2760; x_wconf 88' lang='lat' dir='ltr'><em>manu</em></span> <span class='ocrx_word' id='word_1_146' title='bbox 999 2716 1123 2762; x_wconf 87' lang='lat' dir='ltr'><em>eorum</em></span> 
     </span>
     <span class='ocr_line' id='line_1_22' title="bbox 52 2808 751 2913; baseline -0.009 -30"><span class='ocrx_word' id='word_1_147' title='bbox 52 2808 301 2913; x_wconf 65' lang='lat' dir='ltr'><em>temporaliter</em></span> <span class='ocrx_word' id='word_1_148' title='bbox 315 2808 448 2881; x_wconf 77' lang='lat' dir='ltr'><em>tulerat</em></span> <span class='ocrx_word' id='word_1_149' title='bbox 458 2834 528 2908; x_wconf 82' lang='lat' dir='ltr'><em>pro</em></span> <span class='ocrx_word' id='word_1_150' title='bbox 546 2810 751 2878; x_wconf 86' lang='lat' dir='ltr'><em>conunisso.</em></span> 
     </span>
    </p>

    <p class='ocr_par' dir='ltr' id='par_1_4' title="bbox 46 2924 1131 3962">
     <span class='ocr_line' id='line_1_23' title="bbox 95 2924 1124 3028; baseline -0.005 -27"><span class='ocrx_word' id='word_1_151' title='bbox 95 2936 136 3023; x_wconf 71' lang='grc'><em>4.</em></span> <span class='ocrx_word' id='word_1_152' title='bbox 152 2926 295 3001; x_wconf 79' lang='lat' dir='ltr'><em>Nullus</em></span> <span class='ocrx_word' id='word_1_153' title='bbox 305 2926 424 3001; x_wconf 81' lang='lat' dir='ltr'><em>laicus</em></span> <span class='ocrx_word' id='word_1_154' title='bbox 442 2930 479 2997; x_wconf 92' lang='lat' dir='ltr'><em>in</em></span> <span class='ocrx_word' id='word_1_155' title='bbox 499 2924 700 2997; x_wconf 78' lang='lat' dir='ltr'><em>redditibus</em></span> <span class='ocrx_word' id='word_1_156' title='bbox 717 2925 862 3005; x_wconf 82' lang='lat' dir='ltr'><em>altaris,</em></span> <span class='ocrx_word' id='word_1_157' title='bbox 882 2927 938 2997; x_wconf 79' lang='lat' dir='ltr'><em>ccl</em></span> <span class='ocrx_word' id='word_1_158' title='bbox 949 2931 986 2997; x_wconf 91' lang='lat' dir='ltr'><em>in</em></span> <span class='ocrx_word' id='word_1_159' title='bbox 999 2926 1124 3028; x_wconf 85' lang='lat' dir='ltr'><em>scpul-</em></span> 
     </span>
     <span class='ocr_line' id='line_1_24' title="bbox 51 3043 1126 3145; baseline 0.004 -30"><span class='ocrx_word' id='word_1_160' title='bbox 51 3061 152 3135; x_wconf 80' lang='lat' dir='ltr'><em>tttm,</em></span> <span class='ocrx_word' id='word_1_161' title='bbox 173 3044 236 3119; x_wconf 78' lang='lat' dir='ltr'><em>oei</em></span> <span class='ocrx_word' id='word_1_162' title='bbox 251 3047 290 3117; x_wconf 90' lang='lat' dir='ltr'><em>in</em></span> <span class='ocrx_word' id='word_1_163' title='bbox 308 3049 415 3118; x_wconf 77' lang='lat' dir='ltr'><em>tertia</em></span> <span class='ocrx_word' id='word_1_164' title='bbox 428 3061 537 3145; x_wconf 79' lang='lat' dir='ltr'><em>parto</em></span> <span class='ocrx_word' id='word_1_165' title='bbox 552 3044 708 3115; x_wconf 85' lang='lat' dir='ltr'><em>docirnn·</em></span> <span class='ocrx_word' id='word_1_166' title='bbox 724 3043 870 3143; x_wconf 83' lang='lat' dir='ltr'><em>aliquid</em></span> <span class='ocrx_word' id='word_1_167' title='bbox 887 3045 1020 3117; x_wconf 86' lang='lat' dir='ltr'><em>babeat</em></span> <span class='ocrx_word' id='word_1_168' title='bbox 1029 3079 1042 3125; x_wconf 87' lang='lat'><em>‚·</em></span> <span class='ocrx_word' id='word_1_169' title='bbox 1059 3072 1126 3119; x_wconf 85' lang='lat' dir='ltr'><em>nec</em></span> 
     </span>
     <span class='ocr_line' id='line_1_25' title="bbox 46 3160 1125 3265; baseline 0.004 -36"><span class='ocrx_word' id='word_1_170' title='bbox 46 3168 246 3261; x_wconf 85' lang='lat' dir='ltr'><em>pecuniam</em></span> <span class='ocrx_word' id='word_1_171' title='bbox 267 3190 339 3265; x_wconf 86' lang='lat' dir='ltr'><em>pm</em></span> <span class='ocrx_word' id='word_1_172' title='bbox 359 3161 487 3235; x_wconf 82' lang='lat' dir='ltr'><em>bornen</em></span> <span class='ocrx_word' id='word_1_173' title='bbox 512 3161 720 3233; x_wconf 79' lang='lat' dir='ltr'><em>trcnditione</em></span> <span class='ocrx_word' id='word_1_174' title='bbox 743 3162 801 3233; x_wconf 80' lang='lat' dir='ltr'><em>uc!</em></span> <span class='ocrx_word' id='word_1_175' title='bbox 826 3162 1026 3234; x_wconf 80' lang='lat' dir='ltr'><em>donatione</em></span> <span class='ocrx_word' id='word_1_176' title='bbox 1048 3160 1125 3233; x_wconf 84' lang='lat' dir='ltr'><em>ali-</em></span> 
     </span>
     <span class='ocr_line' id='line_1_26' title="bbox 51 3279 1122 3381; baseline -0.003 -28"><span class='ocrx_word' id='word_1_177' title='bbox 51 3298 232 3381; x_wconf 84' lang='lat' dir='ltr'><em>quatenus</em></span> <span class='ocrx_word' id='word_1_178' title='bbox 243 3280 400 3363; x_wconf 83' lang='lat' dir='ltr'><em>babeat,·</em></span> <span class='ocrx_word' id='word_1_179' title='bbox 415 3307 484 3352; x_wconf 87' lang='lat' dir='ltr'><em>nec</em></span> <span class='ocrx_word' id='word_1_180' title='bbox 493 3279 683 3380; x_wconf 82' lang='lat' dir='ltr'><em>presbrtcr</em></span> <span class='ocrx_word' id='word_1_181' title='bbox 695 3280 781 3349; x_wconf 84' lang='lat' dir='ltr'><em>indc</em></span> <span class='ocrx_word' id='word_1_182' title='bbox 796 3310 809 3349; x_wconf 89' lang='lat' dir='ltr'><em>s</em></span> <span class='ocrx_word' id='word_1_183' title='bbox 815 3284 986 3376; x_wconf 76' lang='lat' dir='ltr'><em>crw&#39;tiurn</em></span> <span class='ocrx_word' id='word_1_184' title='bbox 988 3280 1122 3369; x_wconf 71' lang='lat' dir='ltr'><em>jaciat,</em></span> 
     </span>
     <span class='ocr_line' id='line_1_27' title="bbox 50 3394 1127 3497; baseline -0.004 -28"><span class='ocrx_word' id='word_1_185' title='bbox 50 3400 122 3469; x_wconf 83' lang='lat' dir='ltr'><em>nisi</em></span> <span class='ocrx_word' id='word_1_186' title='bbox 136 3395 357 3497; x_wconf 76' lang='lat' dir='ltr'><em>legationem</em></span> <span class='ocrx_word' id='word_1_187' title='bbox 370 3395 512 3465; x_wconf 85' lang='lat' dir='ltr'><em>donn&#39;ni</em></span> <span class='ocrx_word' id='word_1_188' title='bbox 525 3398 587 3466; x_wconf 90' lang='lat' dir='ltr'><em>sui</em></span> <span class='ocrx_word' id='word_1_189' title='bbox 597 3412 735 3495; x_wconf 76' lang='lat' dir='ltr'><em>portet,</em></span> <span class='ocrx_word' id='word_1_190' title='bbox 753 3399 804 3465; x_wconf 86' lang='lat' dir='ltr'><em>ita</em></span> <span class='ocrx_word' id='word_1_191' title='bbox 820 3412 858 3463; x_wconf 89' lang='lat' dir='ltr'><em>ut</em></span> <span class='ocrx_word' id='word_1_192' title='bbox 873 3400 909 3464; x_wconf 94' lang='lat' dir='ltr'><em>in</em></span> <span class='ocrx_word' id='word_1_193' title='bbox 925 3394 1053 3465; x_wconf 79' lang='lat' dir='ltr'><em>certicrn</em></span> <span class='ocrx_word' id='word_1_194' title='bbox 1067 3394 1127 3465; x_wconf 89' lang='lat' dir='ltr'><em>die</em></span> 
     </span>
     <span class='ocr_line' id='line_1_28' title="bbox 50 3511 1125 3589; baseline -0.007 -2"><span class='ocrx_word' id='word_1_195' title='bbox 50 3512 105 3587; x_wconf 78' lang='lat' dir='ltr'><em>ad</em></span> <span class='ocrx_word' id='word_1_196' title='bbox 127 3516 311 3587; x_wconf 80' lang='lat' dir='ltr'><em>servitium</em></span> <span class='ocrx_word' id='word_1_197' title='bbox 339 3511 519 3584; x_wconf 77' lang='lat' dir='ltr'><em>Ecclesia</em></span> <span class='ocrx_word' id='word_1_198' title='bbox 551 3528 771 3589; x_wconf 66' lang='lat' dir='ltr'><em>renouatio.-</em></span> <span class='ocrx_word' id='word_1_199' title='bbox 804 3528 838 3580; x_wconf 86' lang='lat' dir='ltr'><em>ct</em></span> <span class='ocrx_word' id='word_1_200' title='bbox 866 3512 919 3582; x_wconf 87' lang='lat' dir='ltr'><em>ud</em></span> <span class='ocrx_word' id='word_1_201' title='bbox 942 3514 1125 3583; x_wconf 84' lang='lat' dir='ltr'><em>orationes</em></span> 
     </span>
     <span class='ocr_line' id='line_1_29' title="bbox 51 3628 1131 3733; baseline -0.001 -32"><span class='ocrx_word' id='word_1_202' title='bbox 51 3644 65 3725; x_wconf 67' lang='lat' dir='ltr'><em>t</em></span> <span class='ocrx_word' id='word_1_203' title='bbox 74 3658 149 3733; x_wconf 89' lang='lat' dir='ltr'><em>per</em></span> <span class='ocrx_word' id='word_1_204' title='bbox 171 3630 440 3705; x_wconf 66' lang='lat' dir='ltr'><em>bomannianr</em></span> <span class='ocrx_word' id='word_1_205' title='bbox 468 3628 720 3725; x_wconf 84' lang='lat' dir='ltr'><em>solummodo)</em></span> <span class='ocrx_word' id='word_1_206' title='bbox 748 3632 880 3700; x_wconf 84' lang='lat' dir='ltr'><em>uictum</em></span> <span class='ocrx_word' id='word_1_207' title='bbox 908 3632 1048 3700; x_wconf 83' lang='lat' dir='ltr'><em>dontini</em></span> <span class='ocrx_word' id='word_1_208' title='bbox 1069 3631 1131 3701; x_wconf 88' lang='lat' dir='ltr'><em>sui</em></span> 
     </span>
     <span class='ocr_line' id='line_1_30' title="bbox 52 3744 1126 3835; baseline -0.006 -16"><span class='ocrx_word' id='word_1_209' title='bbox 52 3744 209 3835; x_wconf 80' lang='lat' dir='ltr'><em>itabens,</em></span> <span class='ocrx_word' id='word_1_210' title='bbox 225 3747 261 3817; x_wconf 90' lang='lat' dir='ltr'><em>si</em></span> <span class='ocrx_word' id='word_1_211' title='bbox 274 3746 446 3817; x_wconf 84' lang='lat' dir='ltr'><em>dominus</em></span> <span class='ocrx_word' id='word_1_212' title='bbox 459 3746 631 3828; x_wconf 66' lang='lat' dir='ltr'><em>nubunt,</em></span> <span class='ocrx_word' id='word_1_213' title='bbox 651 3772 771 3816; x_wconf 85' lang='lat' dir='ltr'><em>secum</em></span> <span class='ocrx_word' id='word_1_214' title='bbox 791 3744 906 3817; x_wconf 79' lang='lat' dir='ltr'><em>eutdat</em></span> <span class='ocrx_word' id='word_1_215' title='bbox 918 3778 930 3826; x_wconf 93' lang='lat'><em>,·</em></span> <span class='ocrx_word' id='word_1_216' title='bbox 945 3746 1126 3816; x_wconf 80' lang='lat' dir='ltr'><em>senitiurn</em></span> 
     </span>
     <span class='ocr_line' id='line_1_31' title="bbox 54 3860 722 3962; baseline -0.003 -29"><span class='ocrx_word' id='word_1_217' title='bbox 54 3860 237 3937; x_wconf 71' lang='lat' dir='ltr'><em>Ecclesia</em></span> <span class='ocrx_word' id='word_1_218' title='bbox 249 3862 436 3962; x_wconf 66' lang='lat' dir='ltr'><em>presbyter</em></span> <span class='ocrx_word' id='word_1_219' title='bbox 453 3864 594 3932; x_wconf 85' lang='lat' dir='ltr'><em>intcrirn</em></span> <span class='ocrx_word' id='word_1_220' title='bbox 612 3880 722 3933; x_wconf 87' lang='lat' dir='ltr'><em>curct.</em></span> 
     </span>
    </p>

    <p class='ocr_par' dir='ltr' id='par_1_5' title="bbox 48 3978 1128 4199">
     <span class='ocr_line' id='line_1_32' title="bbox 105 3978 1125 4082; baseline -0.002 -33"><span class='ocrx_word' id='word_1_221' title='bbox 105 3982 140 4051; x_wconf 79' lang='lat'><em>5.</em></span> <span class='ocrx_word' id='word_1_222' title='bbox 161 3978 366 4073; x_wconf 76' lang='lat' dir='ltr'><em>Presbyteri</em></span> <span class='ocrx_word' id='word_1_223' title='bbox 386 3979 434 4051; x_wconf 89' lang='lat' dir='ltr'><em>nb</em></span> <span class='ocrx_word' id='word_1_224' title='bbox 456 3983 634 4082; x_wconf 83' lang='lat' dir='ltr'><em>episcopis</em></span> <span class='ocrx_word' id='word_1_225' title='bbox 660 3979 717 4050; x_wconf 77' lang='lat' dir='ltr'><em>ucI</em></span> <span class='ocrx_word' id='word_1_226' title='bbox 738 3981 785 4051; x_wconf 85' lang='lat' dir='ltr'><em>ab</em></span> <span class='ocrx_word' id='word_1_227' title='bbox 808 4008 930 4051; x_wconf 81' lang='lat' dir='ltr'><em>corum</em></span> <span class='ocrx_word' id='word_1_228' title='bbox 954 3984 1125 4052; x_wconf 78' lang='lat' dir='ltr'><em>nn‘rn&#39;stris</em></span> 
     </span>
     <span class='ocr_line' id='line_1_33' title="bbox 48 4100 1128 4199; baseline 0.004 -36"><span class='ocrx_word' id='word_1_229' title='bbox 48 4115 184 4195; x_wconf 73' lang='lat' dir='ltr'><em>prater</em></span> <span class='ocrx_word' id='word_1_230' title='bbox 193 4102 315 4195; x_wconf 79' lang='lat' dir='ltr'><em>justos</em></span> <span class='ocrx_word' id='word_1_231' title='bbox 333 4100 495 4173; x_wconf 71' lang='lat' dir='ltr'><em>rutilitas</em></span> <span class='ocrx_word' id='word_1_232' title='bbox 515 4103 677 4199; x_wconf 75' lang='lat' dir='ltr'><em>episcopi</em></span> <span class='ocrx_word' id='word_1_233' title='bbox 693 4103 729 4170; x_wconf 78' lang='lat' dir='ltr'><em>ui</em></span> <span class='ocrx_word' id='word_1_234' title='bbox 746 4100 801 4170; x_wconf 84' lang='lat' dir='ltr'><em>uci</em></span> <span class='ocrx_word' id='word_1_235' title='bbox 814 4103 921 4171; x_wconf 82' lang='lat' dir='ltr'><em>minis</em></span> <span class='ocrx_word' id='word_1_236' title='bbox 934 4100 1028 4169; x_wconf 78' lang='lat' dir='ltr'><em>nibil</em></span> <span class='ocrx_word' id='word_1_237' title='bbox 1039 4102 1128 4169; x_wconf 67' lang='lat' dir='ltr'><em>itan·</em></span> 
     </span>
    </p>
   </div>
   <div class='ocr_carea' id='block_1_3' title="bbox 0 0 1392 5094">
    <p class='ocr_par' dir='ltr' id='par_1_6' title="bbox 0 0 1392 5094">
     <span class='ocr_line' id='line_1_34' title="bbox 0 0 1392 5094; baseline 0 0"><span class='ocrx_word' id='word_1_238' title='bbox 0 0 1392 5094; x_wconf 95' lang='lat' dir='ltr'><em> </em></span> 
     </span>
    </p>
   </div>
   <div class='ocr_carea' id='block_1_4' title="bbox 10 4812 210 5067">
    <p class='ocr_par' dir='ltr' id='par_1_7' title="bbox 10 4812 210 5067">
     <span class='ocr_line' id='line_1_35' title="bbox 46 4838 73 4859; baseline 0 -14"><span class='ocrx_word' id='word_1_239' title='bbox 46 4838 73 4859; x_wconf 61' lang='grc' dir='ltr'><em>,Γ</em></span> 
     </span>
     <span class='ocr_line' id='line_1_36' title="bbox 45 4864 146 4883; baseline 0 0"><span class='ocrx_word' id='word_1_240' title='bbox 45 4864 48 4869; x_wconf 86' lang='grc'><em>“</em></span> <span class='ocrx_word' id='word_1_241' title='bbox 142 4864 146 4883; x_wconf 85' lang='grc' dir='ltr'>Ι</span> 
     </span>
     <span class='ocr_line' id='line_1_37' title="bbox 10 4812 210 5067; baseline 0.06 -11"><span class='ocrx_word' id='word_1_242' title='bbox 10 4812 210 5067; x_wconf 39' lang='grc' dir='ltr'>ἡ</span> 
     </span>
    </p>
   </div>
  </div>
 </body>
</html>
