2768 5094
140 383 313 465 tta-1128]
476 381 591 443 ttueu
613 376 796 457 oramus.
1110 385 1169 449 tea

140 502 266 577 »omui
286 527 396 576 censu
412 501 450 573 S.
470 501 592 575 Mariae
609 499 777 575 reddidit.
798 500 971 573 Fructum
987 503 1094 575 etiam
1111 505 1168 575 vi-

140 640 181 691 ae
208 618 246 690 in
278 616 358 717 ipeo
382 640 497 704 anuo,
526 616 570 691 ad
592 616 778 691 emendam
805 616 1014 716 imaginem,
1038 634 1168 691 sanctae

140 733 248 833 irgini
264 731 414 805 obtulit.

151 847 377 937 Grimoldua,
392 875 503 950 nepos
514 865 552 924 et
569 847 682 924 haeres
694 846 864 947 Stephani
883 848 927 921 de
943 849 1088 935 Manlia,
1109 864 1170 923 to-

140 993 177 1040 m
194 965 372 1039 decimam
385 981 491 1039 terrae
507 992 600 1054 suae,
620 981 693 1038 tam
709 964 753 1038 de
769 965 876 1039 leudo
895 964 1046 1039 Ansoldi
1061 991 1169 1064 quam

140 1080 272 1159 :feudo
288 1084 440 1183 Pagani,
454 1083 699 1184 decimamque
710 1083 908 1157 molendini
927 1085 980 1156 sui
999 1098 1036 1156 et
1053 1084 1171 1157 vinea·

140 1224 188 1271 tm
207 1225 355 1270 auarum
380 1197 563 1273 monacbis
579 1196 693 1285 dedit,
713 1212 750 1272 et
765 1196 900 1272 donum
919 1224 1026 1296 super
1043 1198 1168 1284 altore,

140 1339 188 1385 tm
201 1311 399 1385 Petronilla
414 1338 526 1386 uxore
544 1340 624 1400 sua,
644 1314 777 1412 posuit.
794 1311 950 1398 Deinde,
968 1311 1012 1383 ad
1028 1311 1170 1384 obitum

140 1425 264 1499 wicta!
289 1428 450 1527 conjugis
470 1453 563 1514 sum,
590 1425 663 1501 duo
684 1441 831 1526 arpenta
849 1442 954 1499 tetrae
972 1427 1009 1510 in
1026 1427 1170 1502 Monte·

140 1543 277 1617 edberti
293 1546 349 1641 (a)
363 1544 548 1620 monachis
560 1546 702 1618 annuit.
721 1546 884 1644 Denique
900 1545 1045 1617 tertium
1062 1546 1096 1617 in
1113 1570 1171 1618 eo·

140 1687 184 1734 tm
202 1660 287 1735 loco
300 1662 344 1733 ad
357 1658 499 1734 obitum
513 1660 595 1734 liliae
608 1686 681 1732 suae
694 1658 833 1757 adjecit.
849 1661 915 1731 llic
929 1661 964 1731 iu
978 1661 1169 1733 Jerusalem

140 1802 185 1847 tm
213 1774 398 1878 Stephano
427 1776 581 1851 Blesensi
610 1778 743 1848 comite
768 1777 949 1873 perrexit,
979 1776 1017 1848 in
1043 1776 1172 1850 itinere

140 1897 168 1966 lo
192 1892 307 1965 multa
332 1894 450 1993 gravia
476 1892 646 1991 pertulit,
671 1910 706 1965 et
732 1893 813 1966 inde
836 1919 995 1966 reversus
1014 1893 1172 1993 legitime

140 2011 195 2081 xit
216 2013 282 2107 (2)
539 2102 542 2107 Ι

150 2124 334 2200 Geroldus
360 2151 526 2226 quoqne,
555 2127 770 2225 cognomine
797 2125 981 2214 Gustatus,
1007 2127 1169 2226 praedicti

140 2242 287 2317 rimoldi
305 2244 464 2317 sororius
473 2297 485 2333 ,
505 2243 708 2323 infirmatus
724 2260 795 2329 est,
813 2243 1009 2344 divinoque
1024 2242 1172 2317 verbere

140 2364 270 2448 rritua,
287 2360 477 2461 quamdam
493 2362 688 2448 decimam,
707 2388 814 2462 quam
834 2363 870 2433 in
892 2361 1076 2435 territorio
1094 2362 1173 2432 llla·

140 2479 187 2551 tlii
205 2475 432 2578 possidebat,
457 2494 665 2578 partemque
686 2505 785 2552 suam
804 2480 885 2551 atrii
903 2479 1060 2577 ejusdem
1078 2477 1176 2551 villae

142 2595 294 2671 onaelris
311 2595 428 2681 dedit,
448 2611 630 2669 annuente
649 2599 799 2695 conjuge
816 2623 896 2683 sita,
918 2597 954 2668 in
974 2599 1073 2693 cujus
1089 2594 1173 2668 dote

140 2729 198 2798 at;
222 2713 332 2785 Petro
355 2736 499 2810 quoque
520 2711 670 2785 domino
698 2712 844 2783 Manliae
868 2712 1010 2784 volente
1031 2728 1066 2783 et
1089 2738 1173 2784 con·

140 2827 276 2911 dente,
292 2825 336 2899 de
358 2832 456 2924 cujus
470 2825 576 2900 leudo
590 2845 675 2900 erat.
698 2825 885 2899 Albericus
905 2843 1024 2898 autem
1043 2827 1087 2898 de
1101 2828 1174 2899 Ma·

140 2942 202 3015 »tio
225 2967 279 3014 xn
297 2944 421 3041 jugem
443 2957 567 3026 terrae,
584 2967 666 3040 quae
689 2943 726 3012 iu
752 2941 943 3038 supercilio
959 2943 1111 3026 montis,
1135 2943 1170 3014 in

140 3060 298 3132 mitorio
321 3057 460 3128 llarolii
484 3058 526 3129 ad
545 3058 788 3143 occidentem,
816 3060 879 3128 sita
898 3074 969 3142 est,
989 3055 1173 3131 monachis

140 3173 218 3248 ,din

156 3291 238 3363 lldo
262 3291 355 3362 lilius
372 3289 560 3375 Gualonis,
580 3317 686 3390 eques
710 3291 947 3378 honorabilis,
969 3290 1011 3362 nd
1033 3291 1174 3363 obitum

140 3406 252 3479 rnulli
277 3406 339 3478 lilii
359 3408 411 3476 sui
432 3406 530 3477 dedit
547 3405 730 3479 monachis
750 3405 793 3479 de
811 3408 942 3479 lllanlia
967 3409 1034 3479 tria
1048 3411 1173 3505 jugem

140 3554 236 3609 verae,
251 3551 333 3623 quae
352 3539 437 3595 tunc
456 3525 627 3622 temporis
645 3522 755 3598 Fulco
773 3523 961 3622 presbyter
976 3522 1170 3597 excolebat.

143 3668 207 3713 uos
225 3666 371 3740 quoquc
390 3641 464 3711 vini
483 3640 621 3713 modios
640 3639 805 3713 similiter
820 3641 939 3725 dedit,
963 3641 1110 3740 durique
1130 3641 1174 3712 de

146 3761 221 3831 ucis
238 3761 309 3828 mis
319 3811 329 3842 ,
351 3785 414 3854 per
429 3757 586 3856 singulos
604 3783 716 3829 annos
733 3758 941 3839 constituit;
968 3759 1013 3828 ita
1032 3774 1073 3828 ut
1090 3757 1175 3828 mil-

162 4077 168 4104 ι
205 4056 347 4106 lumi-iun·
361 4051 536 4121 aannnl'luai
552 4052 738 4118 Nonnullam.
754 4072 801 4105 sur
816 4051 837 4103 la
851 4070 996 4106 connmnic
1009 4052 1135 4107 d':lnlnui
1153 4064 1156 4076 '

168 4168 172 4181 ·
208 4144 298 4191 low!
313 4140 461 4193 nuli-«mc
478 4151 540 4192 non·
555 4160 580 4210 p.
596 4138 647 4211 393
