2768 5094
497 382 616 460 tttttn
636 396 819 474 Quturua
1133 401 1192 465 tn

140 544 200 590 tm
219 518 354 617 injuste
367 529 516 619 paterna
536 515 744 592 haereditate
760 516 975 617 privaverat.
996 518 1060 594 llle
1081 520 1196 595 nimi·

140 660 200 707 rm
225 660 389 711 moerens
408 633 658 710 vehementem
679 635 862 711 audaciam
885 637 1059 737 arripuit;
1081 642 1195 738 junc-

140 778 237 854 tque
259 750 327 825 sibi
353 749 471 825 tribua
496 750 670 826 fratribus
694 753 789 843 suis,
808 752 871 855 qui
894 753 1041 827 militari
1064 753 1194 854 probi-

143 886 188 945 tc
205 869 418 971 pollebant,
436 885 552 945 noctu
568 869 612 943 ad
630 897 806 945 cameram
822 872 1013 945 comitissae
1028 876 1191 963 accessit,

140 1010 306 1088 namque
325 986 362 1058 in
381 985 583 1087 municipio
607 1012 714 1088 super
733 987 883 1079 Divum,
901 985 999 1088 quod
1014 988 1120 1060 Buris
1135 988 1195 1063 di·

142 1119 215 1176 tur
230 1105 307 1203 (r),
327 1104 366 1176 in
384 1103 480 1177 lecto
496 1118 578 1203 post
593 1101 764 1177 balneum
778 1103 1029 1194 deliciantem,
1047 1131 1116 1206 pro
1129 1133 1193 1180 re-

140 1220 415 1322 ›mpensatione
437 1219 648 1319 patrimonii
671 1221 726 1294 sui
750 1247 833 1296 ense
855 1220 1095 1298 detruncavit.
1121 1230 1192 1298 Pe-

140 1355 213 1411 tcta
243 1338 363 1440 itaque
387 1337 486 1413 cade
505 1336 626 1411 feralia
649 1335 766 1428 heroe,
792 1338 899 1412 multi
924 1340 968 1415 de
990 1341 1096 1414 ruina
1118 1344 1193 1442 ejus

140 1454 342 1544 cultatem,
365 1454 531 1555 tantique
555 1453 728 1531 facinoris
751 1472 914 1531 auctores
938 1457 1130 1533 confertim
1154 1460 1192 1532 in

145 1573 290 1675 puliam
313 1571 448 1648 abiere.
476 1575 581 1675 lingo
603 1573 648 1648 de
669 1574 993 1650 Monte-Gamerici
1024 1577 1082 1678 (2)
1108 1604 1193 1652 cum

140 1716 178 1766 rr
208 1688 387 1764 militibus
411 1692 450 1765 in
476 1691 602 1765 eodem
627 1691 708 1767 vico
738 1707 833 1770 erat:
862 1692 924 1768 sed
948 1694 1066 1767 audita
1094 1694 1193 1769 clade

140 1810 242 1882 catria
260 1836 334 1882 tuae
357 1807 537 1910 fugientes
557 1806 756 1883 homicidas
780 1812 967 1912 persequi,
989 1838 1064 1886 non
1085 1837 1192 1886 corn·

140 1927 341 2002 rcbeudere
367 1943 511 2028 poterat
518 1955 530 2017 ς
565 1928 649 2029 quia
681 1928 830 2027 provida
862 1929 1034 2002 calliditas
1064 1956 1191 2005 eorum

140 2038 248 2121 dures
269 2045 467 2119 lluviorum
488 2071 586 2145 pone
602 2045 746 2146 vestigia
768 2072 848 2134 aua,
873 2073 919 2121 ne
942 2062 1190 2121 tenerentura

139 2159 339 2250 indicibus,
366 2162 602 2235 destruxerat.
630 2161 789 2235 lliemale
814 2188 960 2264 quoque
988 2178 1130 2264 tempus
1153 2179 1190 2238 et

140 2276 306 2353 mcbmaa
319 2304 412 2368 nox,
428 2277 697 2380 fluminumque
711 2277 964 2353 inundationes
976 2305 1191 2381 persequen-

140 2425 167 2473 κ
185 2395 450 2498 impediebant,
461 2413 497 2471 et
510 2396 707 2499 fugientes,
722 2397 862 2472 ultione
874 2397 986 2487 facta,
1002 2399 1189 2473 Norman·

142 2518 214 2587 iam
228 2514 350 2587 statim
372 2513 639 2615 relinquebant.
662 2514 827 2615 Denique
843 2515 1083 2591 Troarnentis
1099 2542 1190 2591 cou-

140 2647 245 2707 entus
254 2633 326 2731 (cui
336 2632 529 2706 Durandua
537 2630 646 2705 abbas
655 2636 823 2732 praeerat)
832 2634 1188 2709 cadavcrsruatratim

140 2751 348 2823 ilacemtum
368 2775 482 2823 nonas
498 2746 699 2823 decembris
714 2750 876 2850 sepelitit
892 2752 972 2850 (3),
992 2768 1029 2825 ct
1045 2777 1122 2825 non
1137 2750 1187 2825 ob

140 2867 391 2967 raerogatiram
408 2867 647 2955 meritorum,
663 2867 723 2940 scd
739 2894 808 2966 pro
827 2866 951 2942 farore
966 2870 1184 2958 amicorum,

140 3013 220 3086 iper
240 2983 421 3057 tumulum
440 2984 500 3058 bas
513 2986 650 3057 naenias
666 2983 790 3058 edidit.

255 3155 319 3211 Alta
331 3155 485 3210 clarentum
497 3154 533 3210 de
545 3156 631 3230 stirpe
642 3165 734 3210 ert-au
747 3167 908 3228 paternum,

291 3242 348 3298 llac
361 3243 467 3315 tegitur
479 3243 576 3298 tumba
589 3243 707 3299 maxima
719 3243 841 3299 blebilia.

255 3331 334 3397 ttae,
351 3333 424 3387 inter
434 3331 556 3388 celebret
568 3333 670 3388 inmota
683 3335 772 3407 magia
785 3333 928 3401 muliere-a,

288 3421 397 3477 claruit
408 3424 438 3477 in
454 3422 509 3477 lato
521 3421 590 3478 orbe
602 3424 645 3478 aui
660 3424 770 3479 merito.

256 3511 355 3564 Acrior
365 3511 494 3583 iugenio,
508 3529 590 3565 centu
602 3511 682 3584 vigil,
699 3513 817 3587 impigra
830 3513 916 3580 lacto,

288 3598 373 3654 Utilia
385 3599 513 3674 cloquio,
528 3600 642 3675 provida
651 3600 779 3671 concilio,

255 3690 339 3746 Exilia
351 3691 457 3757 locun,
472 3691 519 3746 tcd
532 3692 645 3765 grandia
659 3711 771 3767 pronus
783 3692 927 3757 honestem

286 3778 404 3852 Dapailis
417 3780 446 3833 in
460 3790 589 3854 tumptu,
603 3780 677 3836 calta
690 3782 755 3837 tatia
768 3780 882 3847 babitu,

475 3932 554 3940 .—-.
565 3932 589 3939 —
600 3934 616 3939 .-
625 3933 667 3939 --ι
705 3932 734 3941 0-
743 3932 1082 3943 —u--n-u--n-a—-m-
1102 3933 1165 3943 -ιι
1178 3932 1186 3942 ο

148 4024 181 4084 't
205 4018 305 4087 llurca,
322 4023 384 4093 pri-t
400 4021 519 4075 Tuum.

149 4111 184 4159 'at
203 4108 321 4179 lingue·
333 4107 369 4162 de
382 4109 613 4183 bloutgommeri,
626 4120 716 4166 ccurtc
729 4110 765 4166 dc
777 4110 960 4183 Sbruwtbury
974 4130 1009 4167 ca
1028 4116 1093 4185 rapt

159 4196 185 4248 'i'
208 4199 244 4253 lae
258 4197 274 4252 5
288 4199 434 4255 «decembre
451 4202 526 4255 1082.
