2768 5094
20 416 220 494 [maniosa]
394 413 510 476 sunu
530 412 709 476 renuas.
1031 420 1090 479 sos

17 560 101 607 ram
113 530 347 634 optimatibus
359 533 592 609 Normanniae
605 566 613 608 :
624 534 819 608 Willerrno
831 533 983 609 Osberni
997 535 1087 626 lilio,

18 649 178 726 Riosrdo
188 650 234 725 de
247 650 415 724 Abrincis
428 652 592 725 Turstini
606 651 696 739 lilio,
712 651 870 751 Roget-io
883 649 927 724 de
944 652 980 723 M
986 668 1088 726 onte·

18 768 225 854 Gomeriei,
245 783 283 840 et
300 767 423 840 multis
442 769 520 841 aliis
539 770 576 842 in
594 784 690 842 carta
709 770 855 842 notatis.

69 884 272 960 Rodbertus
292 912 376 960 vero
390 884 434 960 de
448 884 571 962 Witot
583 904 666 987 post
683 887 834 989 longum
850 905 990 987 tempus
1005 887 1086 962 duci

15 1004 272 1078 reconciliatus
286 1020 360 1090 est,
379 1020 417 1078 et
432 1002 572 1079 honore
588 1032 653 1081 suo
670 1021 881 1104 recuperato
903 1005 1088 1105 praelatam

16 1139 156 1195 temus
179 1123 216 1195 S.
244 1121 398 1195 Ebrullo
422 1122 659 1196 calumniatus
683 1140 748 1197 est.
776 1124 845 1198 Sed
868 1149 944 1196 uon
971 1123 1088 1198 multo

14 1255 103 1340 post
117 1238 214 1313 bello
227 1238 399 1341 Anglico‚
416 1239 478 1313 ubi
494 1257 529 1314 et
546 1242 621 1340 ipse
638 1241 675 1315 in
688 1266 782 1341 genu
798 1241 1004 1314 vulneratus
1017 1256 1085 1327 est,

13 1371 187 1456 peracto,
211 1354 411 1429 lethiferam
440 1355 689 1457 aegritudiuem
718 1357 880 1430 incurrit
904 1356 975 1450 Qui
999 1354 1086 1428 dum

14 1488 178 1544 mortem
200 1469 267 1543 sibi
290 1473 503 1572 appropiare
524 1474 654 1558 sensit,
674 1481 787 1546 totam
805 1490 959 1562 terram,
977 1497 1086 1573 quam

13 1588 63 1661 ab
85 1590 166 1688 ipso
184 1588 436 1662 calumniatam
457 1606 530 1665 esse
548 1593 622 1689 jam
644 1590 817 1679 diximus,
842 1589 941 1666 bono
964 1590 1086 1663 animo

12 1702 185 1777 fidelibus
203 1702 267 1778 Dei
289 1732 357 1806 pro
377 1704 625 1806 redemptione
643 1707 774 1780 animoe
798 1731 873 1780 suae
894 1705 1082 1779 concessit.

12 1820 96 1892 Hoc
108 1835 229 1893 autem
244 1821 337 1919 apud
350 1821 527 1896 Doveram
539 1848 661 1896 uoram
674 1823 799 1897 Odone
812 1822 993 1921 bajocensi
1009 1820 1082 1919 epi·

10 1963 130 2036 soopo
142 1953 179 2011 et
194 1939 346 2038 lingone
358 1939 403 2012 de
415 1938 732 2012 Grentemaisnilio
741 1993 753 2026 ‚
769 1940 921 2038 lingone
936 1962 1083 2039 quoque

10 2052 59 2126 de
71 2053 287 2130 Montel'orti
299 2072 337 2129 et
348 2056 500 2156 lingone
512 2055 588 2129 filio
599 2055 760 2129 Fulcoldi
774 2109 784 2142 ,
798 2052 947 2154 aliisque
960 2053 1083 2125 multis

10 2171 156 2270 maguis
173 2186 210 2245 et
221 2171 461 2246 mediocribus
473 2174 511 2246 S.
523 2171 677 2248 Ebrullo
692 2198 900 2247 eoncessum
916 2186 983 2244 est.

63 2285 295 2389 Deindequia
307 2289 400 2363 idem
410 2291 510 2364 miles
521 2290 651 2365 luunt.
661 2304 809 2388 nepotes
818 2288 958 2362 militiae
968 2287 1083 2359 titulis

10 2404 156 2478 feroces
169 2402 314 2492 babuit,
336 2406 419 2506 ipsis
440 2407 585 2481 interse
597 2404 827 2481 saevientibus
843 2407 904 2479 vix
923 2431 1081 2506 uuquam

10 2520 185 2620 usquein
204 2537 417 2620 praesentem
430 2523 527 2598 diem
542 2523 728 2598 baereditas
745 2528 819 2624 ejus
837 2523 874 2595 in
893 2550 978 2623 pace
994 2548 1083 2624 per-

10 2664 164 2711 manere
186 2640 320 2738 potuit.
348 2640 440 2713 Nam
466 2640 688 2715 Mattbiellus
711 2657 749 2713 et
774 2639 942 2714 Ricardus
970 2640 1083 2713 irater

12 2760 91 2851 ejus
110 2780 153 2827 se
175 2755 334 2857 Nigellus
356 2773 464 2859 atque
483 2758 663 2833 Rualodus
690 2758 792 2832 Brito
814 2757 943 2858 Nigalli
969 2782 1081 2858 gener

13 2870 163 2944 dirersis
181 2872 404 2972 temporibus
424 2892 691 2962 successerunt,
713 2875 914 2974 multasque
930 2873 1081 2945 malitias

16 2988 228 3061 iulortuniis
257 2989 515 3064 comitantibus
543 3008 794 3065 exercuerunt.
825 2989 1080 3090 Unusquisque

15 3132 143 3180 rorum
162 3105 346 3205 praelstarn
369 3111 626 3207 possessionem
648 3111 685 3181 S.
709 3107 865 3181 Ebrnllo
888 3107 1080 3179 calumnia·

17 3241 72 3295 tus
89 3238 164 3310 est3
184 3221 243 3297 sed
258 3223 396 3322 judicio
407 3227 493 3315 Dei,
510 3228 571 3327 (gui
589 3227 782 3299 Ecclesiam
798 3252 898 3296 arram
913 3237 1081 3323 potenter

15 3339 153 3441 ubique
165 3343 345 3445 protegit,
367 3344 596 3429 imminente,
614 3341 659 3414 ab
674 3344 803 3440 injusta
817 3341 993 3413 calumnia
1008 3367 1080 3413 cos·

14 3484 92 3531 sare
117 3474 261 3531 coactus
286 3477 351 3533 est.
382 3460 601 3535 Mattbiellus
623 3460 720 3533 euim
746 3455 813 3531 sub
835 3481 965 3556 magno
989 3455 1081 3529 duoe

15 3575 232 3663 willermo,
266 3593 302 3649 et
328 3578 521 3664 llimrdus,
552 3576 683 3677 aliique
713 3573 987 3647 calumniatores
1011 3570 1080 3644 sul)

12 3688 103 3763 duoe
127 3689 327 3783 liutberto,
350 3698 495 3793 ejusque
518 3689 688 3764 iratribus
704 3688 898 3762 Willermo
923 3685 1019 3762 liufo
1042 3703 1078 3760 et

15 3806 195 3889 luorico,
219 3807 412 3881 Eeulesiam
440 3810 501 3881 Dei
529 3808 635 3882 rebus
662 3806 790 3879 habitis·
816 3805 969 3905 spoliare
994 3830 1076 3877 cum

14 3923 138 3997 multis
155 3926 264 3997 missis
283 3929 400 3999 rounti
421 3944 527 4009 suut3
547 3926 605 3997 sed
628 3953 710 4023 regi·
730 3950 852 4025 regum
870 3950 951 3995 suos
974 3922 1079 4021 adju-

14 4056 137 4129 vanu,
163 4041 261 4140 sptsod
287 4044 451 4142 rrespsiuu·
479 4042 650 4142 optabant
676 4058 878 4141 perpetrare
903 4041 1078 4138 innuite·-

13 4175 111 4228 runt.
