2768 5094
286 395 346 459 ⁴6⁶
563 393 747 454 HISTORIA
770 393 1075 456 Ecctffilis‘slca.

282 515 487 589 Amalricus
504 513 700 587 Guaszonis
720 512 816 588 filius
834 513 1002 588 interfect
1105 529 1132 587 t.
1149 516 1256 589 Tunc
1272 544 1335 592 uto·
1376 555 1379 559 ’

280 630 385 705 nacbi
403 629 594 731 lugubrem
610 656 678 730 pro
695 646 815 705 morte
832 630 898 704 filii
916 631 1142 707 Guaozonem
1162 631 1335 724 adierunt,
1371 694 1384 773 Ι

281 773 449 848 eumque,
467 761 509 818 nt
524 744 712 832 damnum,
729 745 829 845 quod
846 747 896 820 eis
915 747 1105 835 intulerat,
1125 747 1335 837 emendarat,
1372 814 1384 889 Ι

280 878 513 964 rogaverunt.
530 862 593 936 Ille
609 889 696 936 vcro
708 879 829 937 morte
842 863 906 936 filii
921 865 974 936 sui
994 882 1255 963 compunctus,
1270 893 1338 967 sup·
1375 930 1384 1008 Ι

278 980 423 1079 pliciter
439 980 489 1053 cis
506 977 694 1080 respondit
701 1032 712 1068 ,
735 994 771 1052 et
794 979 928 1053 malum
948 980 1048 1081 quod
1066 983 1339 1057 commiscente

279 1096 553 1171 emendaturum
583 1096 764 1195 promisit.
792 1097 989 1170 Praesatnm
1019 1099 1140 1199 itaque
1171 1096 1338 1173 mandarit
1381 1146 1384 1152 -

280 1212 493 1288 Goislenum
513 1228 550 1287 et
569 1212 790 1286 Amabicuni
806 1212 851 1287 de
869 1213 1041 1289 Belreder
1056 1215 1137 1314 (1),
1161 1216 1220 1287 cui
1239 1242 1340 1316 nuper

280 1332 398 1430 ipsum
423 1330 572 1407 feudum
598 1330 821 1420 reddiderat,
848 1332 949 1406 etde
971 1358 1047 1433 qno
1069 1347 1160 1406 tunc
1181 1335 1340 1434 tempori
1380 1400 1384 1472 Ι

279 1448 469 1524 Goislenus
491 1447 581 1522 illud
604 1446 761 1524 tenebat.
787 1449 842 1522 nti
865 1475 953 1550 ergo
974 1449 1069 1549 apud
1095 1451 1271 1527 Fraxinus
1291 1454 1340 1552 (a)
1382 1514 1384 1564 p

278 1581 550 1653 convenerunt,
581 1565 688 1640 etde
717 1568 945 1642 correctione
972 1567 1144 1643 facinoris
1176 1583 1343 1644 tractare·

279 1699 380 1756 runt.
413 1682 605 1756 Guaszone·
628 1709 712 1755 cum
738 1681 925 1757 monacbis
954 1701 1123 1784 rogante,
1153 1684 1344 1761 Amalricn

278 1802 454 1874 concessit
478 1801 616 1874 donum
639 1800 740 1900 quod
763 1802 872 1874 Terra
898 1800 1053 1890 fecerat,
1084 1817 1123 1875 et
1147 1801 1290 1877 Guaaao
1310 1829 1344 1876 ac

278 1918 469 1994 Goislenus
494 1935 756 1993 concesserant.
788 1919 942 1993 Ascensu
967 1920 1088 2020 itaque
1111 1935 1150 1992 et
1174 1946 1343 1997 conoentu

278 2037 442 2110 omnium
475 2035 592 2123 facto,
624 2034 788 2137 praedicti
820 2035 959 2109 domini
984 2067 993 2107 ε
1019 2038 1160 2111 Gunaao
1189 2038 1343 2125 scilicet,

225 2216 231 2225 .
278 2153 479 2227 Amalricut
499 2169 535 2227 et
554 2152 747 2228 Goislenus
766 2151 964 2227 monachos
980 2153 1098 2253 palam
1115 2154 1344 2242 saisiverunt,

279 2285 316 2341 ct
337 2267 406 2343 boc
426 2269 636 2344 Grimoldus
655 2267 700 2342 de
720 2269 870 2356 Manlia,
888 2284 926 2344 et
942 2269 1118 2371 bogeriur
1138 2269 1239 2343 filins
1255 2275 1345 2372 ejus,

278 2383 411 2484 aliique
428 2384 535 2457 multi
556 2385 726 2458 viderunt
743 2401 779 2458 ct
798 2383 1005 2458 andierunt.
1028 2385 1174 2459 Statuto
1193 2386 1348 2489 denique

279 2499 337 2574 die
355 2502 555 2574 Amalricus
575 2501 670 2599 apud
693 2501 863 2574 Manlium
883 2503 1001 2594 venit,
1021 2501 1235 2606 donumque
1252 2505 1347 2605 quod

280 2614 374 2718 apud
406 2617 580 2690 Fraxinus
613 2616 798 2690 monacbis
826 2635 1070 2708 concesserat,
1103 2623 1349 2720 superatura

280 2749 413 2806 sanctae
441 2734 564 2807 Mariae
594 2735 737 2834 poenit,
770 2749 807 2809 et
836 2762 880 2809 ex
911 2739 1058 2812 caritate
1085 2737 1349 2818 monachornm

280 2875 330 2924 xx
354 2851 486 2927 solidos
506 2851 792 2926 Medantensiurn
814 2855 960 2954 recepit.

333 2968 394 3041 Sic
414 2969 659 3044 studiosorum
686 2971 943 3070 procuratione
966 2970 1229 3047 monachorum
1251 2975 1349 3048 blan·

281 3085 402 3158 liensis
418 3085 513 3160 Cella
531 3088 705 3176 surrexit,
722 3103 759 3162 et
775 3086 946 3189 largifluis
962 3087 1249 3163 exhibitionibus
1266 3117 1350 3166 con-

280 3200 473 3276 fluentium
500 3203 543 3276 ad
570 3202 711 3277 laudem
735 3205 799 3279 Dei
829 3223 1078 3304 competenter
1106 3209 1235 3282 crevit.
1264 3210 1349 3282 Erat

281 3319 379 3393 enim
398 3318 491 3392 idem
507 3321 604 3393 ricus
621 3322 735 3396 vineis
751 3338 788 3396 et
808 3321 978 3399 uberibus
994 3325 1088 3424 agria
1103 3326 1244 3424 optime
1261 3354 1350 3402 con·

282 3438 389 3525 situs,
406 3437 545 3511 Maldra
563 3440 619 3538 (3)
637 3466 785 3542 quoque
800 3440 913 3515 fluvio
927 3467 992 3539 per
1007 3441 1167 3515 medium
1183 3462 1350 3520 currente

282 3553 459 3653 irriguus,
485 3550 736 3655 nobiliumque
757 3557 857 3655 copia
882 3556 1042 3629 militum
1064 3555 1213 3632 fortiter
1236 3560 1348 3633 muni·

284 3685 354 3743 tus.
373 3671 418 3742 Hi
438 3670 613 3743 nimirum
630 3672 786 3745 ecclesioe
809 3674 846 3745 in
865 3672 935 3745 vita
952 3699 1014 3745 sua
1030 3671 1188 3747 libenter
1204 3673 1293 3749 dant
1306 3676 1346 3749 de

315 3996 355 4063 (t)
373 3994 518 4048 peut-tire
533 3995 675 4059 beauvais,
690 4014 725 4051 au
739 3997 808 4053 midi
823 3997 858 4052 de
871 3995 1207 4052 Saint-Rerni-Piionore.

316 4084 355 4153 (a)
374 4083 505 4149 Franci,
517 4084 695 4153 aujourd’bui
710 4085 873 4160 chnnissi,
887 4105 923 4141 au
934 4085 967 4140 N,
983 4084 1014 4142 Ε.
1025 4086 1060 4140 de
1073 4085 1173 4141 Mautc.

318 4169 357 4241 (3)
378 4173 412 4227 La
427 4171 561 4228 ttauldoe.
