2768 5094
275 428 336 485 252
549 421 734 483 HISTORIA
757 420 1061 482 ECCLFSIASTICA.

275 546 479 618 tristantur.
516 543 567 616 De
598 542 735 615 casibus
770 542 970 642 hujusmodi
1006 542 1171 643 quaedam
1206 546 1244 616 in
1276 544 1337 618 boc

275 677 403 734 nostro
422 657 546 733 libello
565 657 725 732 breviter
741 659 862 758 tetigi,
886 673 923 730 et
944 658 1118 731 veraciter
1139 657 1258 734 adhuc
1281 658 1338 731 ad-

276 776 360 848 dere
375 774 465 849 libet
480 774 559 879 alia,
581 791 690 873 prout
706 803 724 847 a
740 772 942 849 senioribus
957 773 1098 847 edidici.

326 891 525 967 Herbert'us
549 893 871 968 cenomannorum
889 918 1008 966 comcs
1032 920 1075 967 ex
1099 894 1266 995 prosapia
1286 896 1342 989 (ut

277 1011 415 1108 fertur)
441 1011 560 1083 Caroli
583 1011 703 1111 Magni
727 1011 906 1111 originem
927 1009 1054 1097 duxit,
1076 1025 1114 1084 et
1136 1009 1268 1110 vulgo,
1290 1009 1342 1084 sed

276 1154 404 1225 parum
422 1127 552 1214 iatine,
576 1129 824 1227 cognominari
846 1126 1176 1228 Evigilaus-Cauem
1196 1151 1269 1226 pro
1291 1129 1345 1198 in·

276 1246 375 1344 genti
391 1244 572 1343 probitate
589 1246 804 1344 promeruit.
817 1243 909 1316 Nam
922 1258 1173 1345 postmortem
1188 1245 1346 1345 lingonis

276 1361 388 1459 patris
406 1362 480 1448 sni,
498 1388 606 1461 quem
624 1361 735 1434 Fulco
752 1361 873 1434 senior
893 1358 959 1432 sibi
981 1360 1161 1433 violenter
1178 1359 1344 1461 subjuga-

277 1495 354 1565 rat,
381 1479 417 1549 in
435 1478 601 1552 eumdem
620 1505 717 1552 anna
743 1478 862 1551 levans
884 1493 1081 1551 nocturnas
1101 1478 1343 1578 expeditiones

277 1593 407 1667 crebro
428 1593 574 1695 agebat,
594 1613 631 1669 et
653 1594 922 1696 Andegavenses
944 1596 1108 1669 homines
1126 1612 1165 1670 et
1183 1622 1289 1670 mnes
1309 1597 1343 1669 in

279 1713 351 1812 ipsa
376 1710 489 1804 urbe,
509 1712 565 1786 vel
592 1714 630 1786 in
657 1713 914 1786 munitioribus
937 1712 1078 1814 oppidis
1101 1731 1137 1788 te
1248 1730 1286 1806 t,
1312 1731 1345 1788 et

279 1828 469 1901 horrendis
485 1829 676 1902 assuitibus
691 1829 836 1929 pavidos
853 1830 999 1929 vigilare
1015 1829 1166 1930 cogebat
1207 1832 1257 1929 ι).

327 1950 437 2048 Hugo
452 1947 547 2020 filius
563 1947 752 2035 Herbsrti,
773 1964 962 2049 postquam
981 1948 1142 2022 Alannus
1157 1950 1348 2025 Britanno

279 2089 362 2134 rum
380 2088 499 2136 comes
517 2090 535 2133 a
552 2063 772 2136 Normannis
791 2064 827 2135 in
847 2064 1071 2138 Normannia
1089 2065 1348 2162 impotionatus

279 2179 465 2266 occubuit,
475 2182 620 2253 Bertam
634 2182 744 2279 ipsius
756 2180 933 2273 relictam,
945 2180 1118 2254 Tedbaldi
1127 2183 1348 2258 Blesensium

279 2296 423 2367 comitis
435 2321 612 2383 sororem,
632 2296 669 2369 in
681 2299 890 2398 conjuginm
905 2298 1125 2397 accepit(a);
1138 2324 1223 2399 quae
1235 2296 1348 2375 fliium

280 2412 430 2484 nominc
441 2409 659 2483 Herbenum
677 2427 714 2485 et
725 2428 796 2486 tres
812 2412 902 2485 filias
913 2414 944 2486 ei
958 2415 1112 2512 peperit.
1132 2412 1214 2487 Una
1227 2440 1349 2489 mrum

279 2527 359 2599 daut
376 2541 430 2599 est
450 2527 580 2602 azsoni
599 2528 777 2603 marchiso
794 2532 964 2630 Liguriae.
990 2530 1068 2603 Alia
1089 2533 1241 2607 nomine
1257 2539 1352 2608 Mar·

281 2645 394 2742 garita
407 2643 594 2718 Rodberto
609 2645 686 2719 filio
699 2645 883 2721 Gnillelmi
896 2647 998 2720 ducis
1011 2647 1190 2722 Neustriae
1201 2647 1352 2749 despon-

280 2777 353 2832 sata
374 2778 446 2849 est,
465 2789 549 2863 quae
566 2765 668 2864 virgo
695 2766 731 2837 in
751 2764 859 2837 tutela
885 2765 1041 2864 ejusdem
1058 2763 1159 2837 ducis
1182 2765 1353 2840 defuncta

282 2894 347 2952 est.
366 2880 488 2951 Tertia
504 2906 589 2954 vero
603 2880 760 2953 Jobanni
775 2879 927 2954 domino
940 2882 1067 2972 castri,
1079 2881 1179 2981 quod
1192 2881 1353 2957 Fieccbia

317 3197 357 3264 (ι)
376 3195 463 3250 Notre
477 3205 576 3250 auteur
587 3205 629 3249 est
640 3194 697 3249 sort
707 3195 803 3268 porte,
817 3211 926 3248 comme
935 3212 971 3248 on
983 3213 999 3248 a
1012 3193 1075 3265 dtjt
1083 3212 1122 3268 pu
1131 3194 1158 3250 le
1170 3196 1270 3265 ruint
1283 3215 1354 3271 gro*

284 3285 323 3337 sir
344 3282 370 3338 le
392 3284 509 3339 nombre
532 3283 581 3338 des
603 3283 785 3339 descendants
806 3281 842 3337 dc
864 3281 1076 3357 Charientagne.
1102 3273 1352 3341 uerbere-tveifle-

283 3373 373 3429 Cbieu
386 3373 527 3428 succedat
539 3392 589 3429 sou
603 3375 669 3447 pire
681 3374 799 3446 Hugues
811 3373 844 3427 1³
853 3390 888 3427 en
901 3369 967 3426 1015
978 3390 1012 3426 an
1026 3371 1147 3444 plasten,
1161 3383 1192 3427 et
1203 3384 1320 3430 mourut
1331 3374 1353 3428 ic

288 3462 319 3520 13
334 3465 400 3520 avril
424 3463 502 3532 1036,
524 3468 604 3539 apres
621 3465 671 3521 des
690 3465 811 3520 demetet
831 3462 987 3518 continuata
1005 3479 1070 3519 avec
1091 3463 1232 3538 Foulques
1250 3464 1351 3527 nan.

282 3566 374 3611 comte
391 3556 527 3628 d’dnjou,
543 3575 607 3612 avec
621 3555 728 3611 Robert
741 3554 776 3609 de
795 3552 929 3619 bellem,
950 3563 979 3608 ct
996 3570 1059 3608 avec
1076 3553 1225 3627 Avagaud
1241 3555 1279 3610 de
1295 3555 1352 3610 ud-

284 3646 371 3713 Ιόωο,
384 3647 488 3720 eaeque
499 3646 538 3701 du
551 3647 640 3702 Mans.
656 3647 750 3719 Voyez
763 3644 916 3712 eudemus,
928 3663 956 3717 p.
970 3660 1033 3709 toa,
1046 3662 1086 3699 nn
1098 3660 1213 3719 passage
1225 3647 1265 3701 ou
1277 3657 1353 3701 notre

284 3744 385 3790 auteur
398 3734 492 3790 donne
504 3755 539 3789 au
552 3753 666 3792 aurnum
685 3734 721 3788 de
740 3733 863 3789 Herbtrt
880 3751 936 3786 une
955 3733 1064 3805 origine
1080 3742 1160 3787 toute
1170 3731 1319 3791 differente
1329 3745 1353 3789 et

285 3824 430 3897 beaucoup
443 3824 533 3878 moins
547 3822 691 3878 naturalie.

320 3917 358 3982 (a)
378 3911 494 3983 Hagnas
507 3912 551 3977 11,
571 3911 614 3965 tila
625 3901 1014 3975 ‹t’uerbert-Eveiueaebtem
1037 3908 1077 3963 lui
1094 3907 1213 3965 suffla
1223 3928 1261 3966 eu
1277 3907 1352 3971 ιοόὁ.

285 4013 315 4056 ct
325 4006 427 4074 cpousa
443 4001 559 4065 berthe,
576 4001 630 4055 fine
642 3999 763 4055 d'Endes
778 4002 821 4067 11,
836 4011 928 4055 comte
941 3998 976 4053 de
990 3999 1064 4054 Blois
1075 4009 1103 4054 et
1114 3998 1352 4076 derampague.

286 4102 314 4144 ct
328 4111 411 4145 vcttvc
425 4092 533 4146 ‹t’atain
549 4092 604 4156 111,
620 4091 674 4146 duc
687 4092 722 4145 de
733 4092 882 4164 bretagne.
901 4101 974 4145 mort
983 4092 1209 4163 empuisonuc'en
1220 4093 1353 4149 Numan·

286 4178 346 4243 dic,
363 4179 387 4233 lc
404 4193 434 4234 1‘¹
448 4179 561 4235 octobre
580 4185 652 4246 tuto.
671 4181 786 4252 Ungues
797 4190 910 4234 mourut
926 4179 951 4232 ic
970 4198 984 4250 7
1001 4178 1068 4233 avril
1085 4178 1161 4247 1051,
1176 4199 1212 4236 nc
1230 4180 1351 4239 bittunt.

287 4269 352 4337 quoi
371 4269 453 4340 qu’cn
468 4268 526 4324 disc
540 4280 619 4325 notre
635 4281 742 4337 auteur,
755 4270 842 4343 qn'un
858 4268 899 4322 fin
910 4279 938 4322 ct
954 4286 1007 4324 unc
1023 4267 1085 4323 sdlc.
