2768 5094
373 469 547 557 num
584 468 865 583 Quinam.

554 707 681 729 ψ

931 811 943 843 0

128 864 151 939 l.
164 864 348 939 Masonuu
363 862 525 963 exempla
536 877 728 955 sectantes,
742 860 873 939 lethale
885 865 1002 939 otium
1019 866 1155 942 indesi-

128 998 210 1057 ιω·
234 979 405 1056 debemus
431 978 610 1071 devitare,
637 981 793 1084 utilique
815 983 936 1058 studio
958 1001 995 1059 et
1018 986 1151 1060 salubri

128 1098 252 1172 rcitio
275 1097 459 1173 ferventer
485 1095 673 1188 insudare3
696 1096 829 1201 quibus
850 1099 989 1174 intenta
1011 1128 1153 1176 mensa

128 1216 170 1291 lia
200 1215 432 1308 emundatur,
452 1231 489 1289 et
515 1215 553 1288 in
573 1240 683 1291 omne
712 1215 811 1292 nelos
833 1218 931 1291 vitali
962 1217 1151 1320 disciplina

128 1332 233 1407 riose
249 1346 423 1407 armatur.
443 1333 489 1405 In
507 1330 701 1407 desideriis
725 1350 779 1407 est
798 1335 862 1432 (ut
881 1335 932 1407 ait
949 1336 1147 1436 Salomon)

128 1456 193 1525 nis
217 1452 368 1527 otiosus.
395 1450 469 1523 Et:
498 1451 691 1529 Desideria
716 1454 891 1526 occidunt
911 1455 1093 1555 pigrum(
1118 1455 1148 1553 ).

128 1595 180 1666 ‚ur
211 1568 386 1642 nimirum
417 1584 454 1643 et
483 1571 620 1643 otiosus
649 1583 722 1658 est,
748 1570 811 1670 qui
839 1567 934 1644 bona
964 1572 1150 1646 voluntate

128 1710 222 1773 ens,
241 1699 372 1784 sponte
389 1683 485 1756 vitiis
500 1680 695 1758 submissus
714 1700 780 1758 est.
798 1684 1056 1760 Miserabiliter
1072 1714 1149 1788 seg-

128 1801 291 1902 iepoemi
303 1798 500 1901 judicatur,
515 1802 578 1904 qui
593 1802 631 1874 in
648 1799 723 1904 lege
734 1803 881 1878 Domini
895 1804 954 1879 die
966 1821 1145 1879 acnocte:

128 1932 182 1993 stt
199 1920 236 1991 in
255 1918 437 2018 prosperis
449 1934 486 1991 et
501 1917 671 2008 adversis,
687 1945 763 1993 non
780 1919 990 2009 meditatur,
1009 1947 1076 1995 nec
1090 1923 1149 1994 iu·

128 2035 172 2109 iia
195 2061 257 2109 seu
278 2032 473 2108 luctatibus
496 2034 635 2109 Satanae
656 2037 869 2111 reluctando
893 2037 1057 2112 resistere
1079 2066 1146 2112 co-

128 2180 195 2244 mr,
215 2170 256 2227 ut
272 2179 438 2254 supernae
452 2155 652 2229 vocationis
665 2150 832 2227 bravium
850 2153 995 2255 adipisci
1013 2183 1147 2231 merea·

128 2300 146 2347 ’.
175 2272 283 2346 llunc
308 2274 436 2374 procul
461 2270 574 2347 dubio
600 2273 728 2347 nociva
752 2271 926 2347 desideria
951 2273 1144 2364 occidunt,

128 2414 160 2465 m
179 2390 217 2463 iu
233 2388 337 2465 bono
356 2405 562 2490 torpentem
578 2389 623 2464 ad
637 2389 751 2466 scelus
763 2391 1007 2491 pertrahunt,
1026 2407 1063 2466 ct
1079 2419 1145 2492 per

128 2504 227 2609 plum
245 2507 387 2608 proprii
400 2505 526 2580 libitus
538 2509 632 2581 viam
648 2508 685 2581 in
703 2507 913 2582 barathrum
930 2505 1144 2610 perditionis

128 2638 304 2723 magunt.
318 2624 472 2723 Majores
487 2622 598 2723 igitur
607 2623 725 2697 nostri
737 2623 919 2724 pigritiam
931 2640 970 2699 et
979 2624 1141 2700 otiosita-

128 2768 161 2831 ι,
178 2741 310 2816 animoe
327 2741 525 2828 inimicam,
544 2741 689 2841 penitus
702 2742 967 2830 mndemnant,
987 2768 1141 2843 suosque

128 2884 233 2931 uacet
253 2857 297 2931 ad
314 2855 548 2931 commodum
568 2856 728 2932 laborem
742 2874 777 2932 ct
794 2857 1006 2932 exercitium
1021 2856 1140 2931 verbis

128 2974 297 3076 exemplis
321 2975 495 3063 inritant3
516 2992 553 3050 ct
579 2977 615 3050 in
638 2976 758 3051 haere
781 3003 855 3050 non
875 2976 993 3050 solum
1010 2975 1138 3050 Chris-

128 3092 175 3175 ti,
196 3089 257 3165 sed
278 3092 386 3163 etiam
408 3106 526 3190 poetae
546 3091 699 3192 gentiles
721 3108 936 3168 consonant.
957 3093 1019 3167 Ait
1040 3093 1136 3166 enim

128 3208 266 3309 gilius:

205 3358 283 3430 Quid
297 3358 375 3413 labor
386 3369 435 3413 aut
449 3359 590 3414 &adacta
599 3360 697 3430 juvant
707 3362 717 3395 ²
726 3358 804 3415 labor
813 3364 906 3415 omnia
916 3361 1002 3416 vincit

208 3448 368 3523 lmprolios,
380 3459 409 3504 et
419 3447 498 3505 duris
511 3465 613 3521 urgeos
626 3449 654 3502 in
668 3447 751 3503 rebus
761 3460 867 3521 egestas
876 3451 924 3519 (a).

128 3586 214 3596 ——
257 3588 263 3595 .
281 3586 376 3597 -u-
394 3585 527 3595 ...ο-...-

131 3662 139 3723 l
158 3655 231 3710 va
244 3701 250 3716 .
261 3676 312 3719 ιιι,
321 3654 365 3710 25.
374 3657 531 3711 hesitation
541 3654 706 3728 precedente
713 3655 827 3710 n'exiatr
837 3673 884 3728 pas
892 3654 993 3710 dantla
1004 3655 1133 3727 l'ulgatc.

129 3750 138 3813 j
156 3745 231 3800 liare
