2768 5094
294 337 352 399 toa
566 333 748 395 HISTORlA
771 332 1075 396 ECCLESIASTICA.

294 453 491 554 subegerat.
507 456 598 553 lpse,
611 478 694 526 cum
704 453 877 526 fratribus
886 455 971 540 suis,
983 454 1208 555 advenisque
1218 480 1333 555 compa·
1354 436 1376 492 ³⁴

295 572 431 661 uictis,
452 568 705 669 apuliensibus
720 570 859 643 colonis
875 570 1020 644 sortiter
1042 569 1336 658 incumbemus

295 689 482 788 insperatis
497 685 603 762 rebus
628 686 815 786 magnifice
839 688 1009 785 peractis,
1035 686 1207 759 affinibus
1223 692 1338 761 cuncti,

294 806 489 895 eminebat,
502 804 697 903 muln'sque
705 803 840 877 divitiis
851 803 1023 904 locuples,
1039 805 1264 879 incessanter
1272 806 1339 879 fine

295 950 378 997 suos
402 920 584 995 dinubat.
604 920 832 995 Willelmum
857 938 976 994 autem
1001 921 1133 996 Pantol
1162 921 1341 997 honorifica
1381 959 1384 964 ¹

296 1042 467 1140 suscepit,
488 1056 524 1113 et
538 1038 650 1112 muita
667 1041 700 1112 ei
720 1040 955 1138 promittens,
973 1039 1089 1138 ipsum
1107 1055 1264 1140 propter
1277 1068 1342 1140 pro
1382 1099 1384 1102 -

298 1158 446 1230 hiutem
462 1182 562 1229 suam
575 1157 730 1229 retinere
742 1178 862 1229 secum
875 1155 1014 1255 sategit.
1033 1156 1075 1227 ln
1087 1154 1148 1228 die
1163 1154 1342 1229 Pascboead
1383 1191 1384 1196 ¹

297 1273 489 1374 prandium
499 1272 652 1347 residere
658 1273 933 1371 juxtaseipsum
943 1271 1042 1360 fecit,
1054 1290 1091 1345 et
1101 1290 1178 1348 tres
1188 1276 1341 1359 civitates,

298 1391 326 1461 si
343 1415 462 1462 secum
480 1404 681 1462 remaneret
699 1389 737 1459 in
754 1387 873 1474 ltalia,
891 1387 943 1460 illi
958 1388 1168 1488 spopondit.

348 1507 497 1581 lnterim
518 1504 663 1578 Mabilia
678 1506 856 1579 comitissa
875 1530 1049 1579 mucrone
1067 1506 1225 1580 animosi
1241 1506 1344 1579 militis

301 1624 462 1722 Hugonis
473 1621 517 1695 de
527 1619 663 1721 Jaigeio
675 1621 1003 1721 perempuest(1);
1017 1619 1067 1695 ob
1077 1625 1184 1722 cnjus
1194 1621 1346 1697 inter-fec·

301 1742 461 1829 tionem,
484 1738 706 1839 regressode
727 1736 857 1839 Apulia
873 1734 1061 1815 erlelmo
1078 1736 1216 1823 Pantd
1236 1764 1345 1839 nagor

301 1855 487 1929 tribulatio
507 1871 631 1927 exorta
648 1869 712 1927 est.
736 1852 830 1926 Nam
844 1852 983 1929 crimen
1000 1854 1032 1927 ei
1052 1850 1277 1952 proditionis
1294 1857 1348 1927 im-

301 1972 528 2073 pingebatur,
548 1988 585 2044 et
606 1971 833 2044 infestatione
851 1968 970 2044 bostiii
987 1973 1182 2071 graviter·
1199 1972 1348 2074 pluribus

302 2088 440 2162 aemulis
469 2086 719 2187 impetebatur.
747 2087 896 2160 Praefata
922 2114 1075 2188 namque
1104 2089 1241 2164 mulier
1264 2092 1349 2162 Pire-

303 2223 381 2278 tum
390 2205 446 2302 (2)
457 2218 626 2290 castrum,
640 2200 835 2276 Guillelmo
848 2202 972 2275 datum
983 2201 1198 2293 abstuleram
1214 2232 1283 2305 pro
1293 2232 1349 2305 qna

304 2320 433 2419 injuria
450 2319 614 2418 pertinax
631 2317 878 2392 malevolentia
896 2317 1030 2391 diutius
1048 2319 1221 2394 intereos
1238 2319 1351 2393 inbor·

303 2453 437 2512 ruerat.
452 2435 557 2510 Unde
573 2433 817 2535 suspicabatur
832 2434 931 2534 quod
947 2433 1110 2535 praedicti
1130 2436 1260 2509 militis
1277 2462 1351 2509 oon·

303 2555 383 2631 silio
412 2556 583 2655 perierit;
614 2554 816 2653 praesertim
844 2580 926 2625 cum
953 2552 1148 2628 Guilielmo
1175 2554 1353 2655 lingonen

304 2696 432 2770 magua
452 2670 673 2742 familiaritas
695 2685 732 2742 et
755 2667 879 2742 crebra
905 2668 1098 2743 collocutio
1118 2671 1353 2768 conjunxerit.

306 2789 480 2887 Rogerius
499 2788 609 2888 igitur
624 2811 742 2860 comes
765 2800 803 2860 et
824 2785 889 2859 filii
913 2791 987 2886 ejus
1007 2800 1119 2861 totam
1138 2802 1274 2860 terram
1292 2790 1356 2886 ejus

305 2905 516 2995 saisierunt,
536 2905 723 3003 ipsumque
740 2901 783 2975 ad
798 2918 952 2977 mortem
967 2904 1204 3003 quaesierunt.
1217 2902 1357 2977 Gnittet-

306 3049 385 3094 mus
402 3037 520 3094 autem
534 3036 571 3093 et
588 3047 680 3093 uxor
698 3024 771 3119 ejus
789 3047 871 3092 curn
891 3019 974 3093 tiliis
993 3021 1064 3092 suis
1076 3020 1225 3095 Uticam
1238 3020 1358 3096 confu-

304 3154 453 3239 geruut,
471 3135 592 3237 ibique
607 3135 670 3209 diu
686 3135 752 3208 sub
769 3138 994 3235 protectione
1007 3138 1270 3213 monachorum
1283 3165 1359 3212 cum

307 3283 437 3356 magno
456 3256 585 3329 timore
608 3255 781 3328 demorati
808 3271 904 3328 sunt.
925 3257 1097 3329 Praesatus
1120 3284 1228 3358 apues
1249 3256 1359 3357 objec-

307 3390 385 3446 tum
402 3373 538 3445 facinus
555 3370 720 3444 audacter
736 3371 949 3471 denegabat;
970 3373 1029 3446 sed
1046 3372 1166 3445 nullus
1187 3400 1272 3447 eum
1291 3400 1359 3446 cer·

306 3492 351 3562 tis
369 3488 508 3562 iudiciis
525 3486 802 3586 comprobabat,
823 3514 889 3561 nec
906 3488 1094 3589 abneganti
1114 3490 1252 3579 scelus,
1270 3516 1359 3564 sese-

307 3632 377 3706 que
405 3605 563 3705 legaiiter
585 3630 736 3704 purgare
765 3604 899 3679 volenti
925 3605 1184 3705 adquiescebat.
1205 3607 1360 3680 Tandem

308 3824 400 3889 tobre,
415 3823 434 3877 it
450 3834 490 3878 est
504 3824 568 3877 bien
582 3823 711 3896 probabie
724 3824 789 3895 qu‘il
805 3824 919 3878 n'arrica
936 3824 1004 3877 dam
1021 3824 1047 3879 lc
1065 3843 1196 3896 royautne
1214 3826 1250 3883 de
1269 3826 1362 3899 Nagia-s

308 3914 389 3985 ‹ptt'eu
407 3916 481 3986 1078.

343 4004 382 4070 (ι)
401 4001 464 4055 Les)
479 4001 624 4055 ‹ianeuabrc
641 4002 714 4055 1082.
732 4004 821 4073 b'oyez
835 4003 982 4069 cidessus,
998 4024 1026 4075 p.
1042 4008 1103 4069 411.

343 4094 380 4159 {a}
399 4091 523 4143 Persian
536 4091 681 4151 Saonatais.
697 4104 774 4146 cutm
787 4093 904 4145 utamur-s
914 4103 940 4147 et
953 4092 1129 4148 Mnatetable.
