2768 5094
280 381 340 437 210
512 371 696 433 HISTORIA
719 370 1023 433 Eccttstts‘flcl.
1049 376 1146 450 [cinca
1166 373 1348 453 loto-totu

279 491 601 570 Animadvertebat
611 518 695 564 cum
707 491 919 564 Ecclesiaste
930 490 1045 593 (quod
1056 491 1232 566 nondum
1243 494 1350 568 Eoete

277 613 427 685 siasticae
445 610 610 684 lectionis
629 636 695 681 usu
715 608 865 708 didicit)
885 611 970 709 quia
987 610 1115 684 mnndi
1141 611 1246 684 bona
1262 614 1349 685 vani-

279 746 344 802 tas.
366 728 571 826 Repentino
589 727 709 826 itaque
732 726 843 797 animi
862 741 1075 827 contemptu
1087 732 1236 827 jactans
1255 756 1350 802 mun

276 843 365 917 dum
379 869 419 914 ac
431 869 486 928 sc,
502 841 750 941 arripiensque
763 840 948 939 religionis
965 844 1259 941 professionem,
1273 849 1350 945 jugo

278 960 434 1061 regulari
459 956 619 1031 subdidit
640 984 689 1031 se.
713 956 972 1032 coenobiolum
995 960 1175 1036 Becccnse
1202 963 1244 1036 in
1268 964 1350 1037 Nor·

277 1076 422 1150 mannia
443 1073 513 1147 loci
531 1074 603 1145 situ
620 1087 656 1145 et
674 1088 885 1172 paupertate
898 1074 1027 1173 elegit,
1044 1077 1148 1177 quod
1166 1079 1350 1177 prudentia

278 1193 388 1292 ipsius
399 1189 739 1290 vigilantissimaque
753 1215 838 1261 cura
851 1189 1105 1288 locupletavit,
1119 1210 1160 1266 et
1171 1197 1214 1266 in
1228 1211 1350 1268 statum

277 1306 514 1409 pulcherrimi
543 1304 682 1378 ordinis
712 1308 904 1404 provexit,
938 1307 1026 1380 dum
1052 1335 1177 1383 severa
1208 1312 1351 1414 mitique
1376 1282 1382 1431 Ι

275 1425 466 1525 disciplina
500 1438 641 1523 regeret
669 1423 874 1498 fraternum
906 1425 1122 1528 collegium,
1157 1428 1351 1533 humilique

279 1561 317 1619 et
339 1544 418 1616 utili
445 1542 601 1616 consilio
624 1559 789 1614 salictum
814 1542 1003 1633 abbatem,
1033 1547 1189 1622 nomine
1216 1549 1352 1623 llerlni·
1378 1596 1382 1607 ·

279 1688 382 1735 num.
402 1657 639 1759 Neophytum
655 1658 821 1746 exulem,
841 1659 929 1731 dum
946 1687 1020 1735 sese
1041 1662 1138 1735 vitiis
1162 1680 1201 1738 et
1224 1666 1351 1738 maudo

231 1802 237 1813 ’
277 1779 539 1864 mortificaret,
565 1791 602 1849 et
626 1803 695 1876 pro
718 1777 856 1849 intimis
877 1805 918 1851 ac
939 1781 1104 1879 supernis
1126 1785 1294 1858 maxime
1312 1784 1350 1856 la·

279 1896 446 1983 bornat,
466 1893 666 1994 publicavit
691 1894 786 1966 Deus
807 1895 991 1994 inspector
1007 1899 1299 1997 cogitationum,
1319 1918 1352 1971 ut

278 2015 427 2088 lucerna
459 2028 659 2113 poneretur
685 2035 794 2111 super
822 2012 1102 2101 candelabrum,
1138 2017 1353 2119 Domitiique

279 2133 543 2207 convenienter
555 2129 1353 2228 illuminaretamplissimamdomum.Goactu
1383 2129 1384 2147 ³

278 2248 497 2324 obedientiae
524 2247 569 2320 de
592 2245 771 2319 claustrali
801 2247 925 2346 quiete
955 2263 1162 2347 protractus
1193 2255 1354 2354 magistu

280 2366 478 2465 processit,
493 2387 569 2461 quo
583 2361 737 2434 docente
752 2361 1084 2461 philosophicarum
1095 2393 1139 2439 ac
1154 2367 1354 2444 divinam

283 2483 485 2554 litterarum
500 2476 721 2553 bibliotheca
734 2480 881 2554 ellulsit.
898 2483 938 2553 lu
951 2497 1104 2584 utraque
1117 2484 1240 2560 nodos
1248 2513 1354 2589 quaee

282 2598 429 2673 tionum
443 2596 582 2669 solvere
597 2598 870 2696 potentissimus
888 2614 978 2672 erat.
999 2603 1077 2675 Hoc
1093 2605 1274 2703 magistro
1289 2607 1356 2707 pri·

282 2718 396 2790 mitus
415 2715 618 2789 Normauni
637 2715 891 2788 litterator-iam
903 2732 1017 2790 artem
1030 2725 1250 2818 perscrutati
1264 2739 1354 2809 sunt,

282 2831 379 2909 etde
391 2831 510 2905 sclrola
527 2833 690 2904 Beccensi
706 2831 916 2933 eloquentes
931 2835 967 2907 in
981 2833 1113 2909 divinis
1130 2853 1169 2912 et
1181 2841 1355 2914 wenlan-

286 2951 354 3024 bus
376 2946 544 3049 sophistae
570 2967 837 3048 processerunt.
862 2950 953 3023 Nam
978 2970 1083 3025 autea
1106 2955 1177 3029 sub
1199 2972 1357 3059 tempore

288 3092 348 3140 sex
365 3066 498 3137 ducnm
518 3064 696 3139 Neustriae
715 3066 774 3137 vix
797 3066 891 3138 ullus
911 3068 1214 3147 Normannorum
1232 3073 1358 3149 liben-

290 3182 384 3257 libus
400 3180 527 3255 studiis
544 3181 691 3255 adhaesit
701 3237 711 3271 ,
732 3211 798 3256 nec
816 3183 945 3257 doctor
961 3187 1229 3281 inveniebatur,
1248 3192 1357 3271 donec

289 3300 459 3402 provisor
472 3301 638 3372 omnium
651 3303 744 3374 lleus
762 3300 1017 3377 Normannicis
1030 3307 1104 3379 oris
1118 3309 1358 3387 lanfrancum

290 3415 442 3517 appulit.
468 3415 573 3487 Fama
588 3417 729 3515 peritiae
751 3417 848 3490 illius
866 3418 902 3491 in
926 3434 1001 3493 tota
1019 3420 1180 3498 ubertim
1202 3428 1359 3503 innotuit

292 3536 459 3632 Europa;
489 3533 584 3607 unde
608 3533 652 3606 ad
678 3536 921 3635 magisterium
943 3540 1018 3637 ejus
1044 3541 1152 3615 multi
1180 3568 1359 3621 convene-

292 3668 381 3725 runt
405 3650 449 3723 de
473 3651 642 3737 Francia,
671 3652 714 3725 de
737 3654 951 3745 Wasconia,
974 3657 1018 3731 de
1035 3659 1224 3735 Britanu
1252 3690 1357 3737 necne

290 3767 470 3842 Flandria.

340 3883 601 3958 Admirandnm
615 3905 876 3985 cognoscerent
891 3892 1076 3997 ingenium
1090 3893 1173 3985 sibi,
1189 3897 1358 3971 studium·

290 4029 362 4104 quc
380 4001 571 4075 Lansranci
590 4003 814 4079 Herodianus
833 4009 869 4082 in
890 4013 1139 4111 grammatica,
1155 4014 1358 4091 Aristotele

263 4184 272 4203 ,
292 4120 331 4194 iu
345 4118 550 4205 dialectica,
569 4121 710 4193 Tvrllins
725 4123 761 4195 in
777 4125 975 4217 rhetorica,
993 4130 1219 4230 Augustinus
1231 4148 1270 4209 et
1288 4134 1358 4207 ttie
