2768 5094
290 353 348 421 ιη
563 347 747 410 nisronn
768 330 1082 410 ncnrsnsncs?
1178 352 1345 429 [mices]

286 493 445 556 carcerc,
466 469 503 540 in
518 483 651 541 aeterna
664 468 789 569 requie
804 466 1024 545 famulorum
1039 483 1199 540 tuorum
1212 467 1344 571 001sp

288 612 416 659 insere.

291 764 294 769 ,
335 699 423 773 ltuae
450 698 598 772 Ernaldi
625 697 709 772 filiae
736 713 819 799 post
837 714 991 772 mortem
1015 699 1132 797 patris
1161 715 1205 773 et
1228 699 1344 774 dud>

286 820 425 893 tionem
436 845 585 893 suorum
596 832 815 917 optaverunt
827 817 938 917 magis
949 818 1026 889 Deo
1038 816 1188 916 placere
1200 815 1342 891 meum

284 936 545 1036 compositione
569 962 738 1023 morum,
766 960 874 1033 quam
899 932 1032 1006 sacculo
1055 931 1251 1031 subjacere
1275 959 1340 1007 ooc-

283 1050 446 1152 ruptibili
466 1051 734 1152 pulchritudine
754 1076 962 1148 corporum.
982 1047 1088 1123 Unde
1105 1050 1342 1151 virgioihte·

282 1166 398 1241 ambae
421 1169 496 1242 Deo
517 1167 755 1258 dicaverunt,
779 1166 987 1266 mundoque
1010 1179 1136 1265 spreto
1164 1172 1342 1242 oneum

283 1285 392 1360 niales
407 1287 542 1360 effectae
556 1301 654 1359 sunt.
670 1284 761 1357 Nam
774 1282 969 1358 Petronilla
984 1284 1022 1355 in
1036 1281 1217 1358 coenobio
1230 1284 1272 1357 S.
1286 1283 1341 1357 bb

282 1403 347 1475 riae
364 1401 563 1503 Andcgavis
580 1388 702 1475 velum
713 1400 887 1499 suscepit,
902 1398 1039 1499 diuque
1056 1397 1266 1472 secundum
1279 1423 1341 1475 nt

281 1545 358 1593 rem
391 1520 540 1592 aliarum
573 1519 755 1618 virginum
785 1515 976 1614 diligenter
1009 1541 1154 1588 sacrum
1185 1513 1341 1590 ordinm

281 1637 455 1723 sanavit,
482 1661 523 1707 ac
546 1635 675 1708 deinde
697 1659 763 1733 per
786 1657 811 1704 x
832 1658 947 1705 annos
970 1633 1046 1730 jam
1070 1631 1235 1722 inclusa,
1259 1630 1340 1704 fam

280 1752 477 1824 sanctitatis
502 1766 539 1825 et
563 1751 708 1823 virtutis
731 1748 896 1848 exemplo
921 1748 1028 1850 longe
1053 1745 1203 1848 lateque
1227 1747 1339 1823 nulus

280 1867 487 1942 innotescit.
506 1869 622 1941 Porro
639 1865 735 1940 Geva
752 1891 857 1939 soror
872 1868 946 1965 ejus
963 1867 1001 1939 in
1018 1863 1197 1939 coenobio
1213 1866 1254 1939 S.
1270 1865 1340 1937 Tri·

202 2064 207 2073 ,
278 1986 422 2078 nitatis,
442 1985 543 2087 quod
561 1983 743 2060 Mathildis
767 1985 889 2085 regina
914 1982 1008 2083 apud
1031 1982 1237 2056 cadomum
1260 2008 1340 2058 oon·

278 2106 431 2195 struxit,
452 2103 520 2177 snb
536 2105 695 2178 Beatrice
715 2099 887 2176 abbatissa
906 2102 963 2200 (t)
984 2125 1120 2173 sacram
1138 2100 1271 2175 scriem
1285 2099 1339 2172 diu

276 2221 435 2321 gerendo
448 2236 485 2294 et
498 2220 681 2309 docendo,
699 2216 767 2292 sibi
785 2233 822 2292 et
837 2218 914 2291 aliis
930 2215 1157 2291 laudabiliter
1172 2216 1336 2318 profecit.

276 2338 363 2411 Haec
375 2338 419 2411 de
435 2334 688 2410 fundatoribus
704 2335 872 2408 Ecclesiae
888 2349 1041 2423 nostrae,
1055 2349 1238 2409 eteorum
1252 2332 1337 2409 dico

274 2469 361 2525 sunt
376 2453 561 2552 progenie.
581 2451 688 2524 Nunc
703 2449 747 2523 ad
767 2453 1012 2526 narrationem
1027 2449 1218 2526 redeamus
1235 2450 1337 2526 bisto-

273 2596 351 2642 rrae.

320 2689 371 2761 Χ.
384 2687 544 2788 Inclytus
555 2687 788 2761 Nonnannioe
796 2685 956 2762 marcbio
966 2686 1199 2777 willermus,
1215 2704 1335 2763 contu

270 2803 517 2893 Belvacenses,
541 2804 604 2904 qui
632 2803 721 2876 fines
747 2828 830 2876 suos
856 2801 1065 2902 depopulari
1094 2801 1332 2892 wnebannn,

270 2939 425 2994 mstrum
452 2919 550 3021 quod
577 2920 893 2994 Novus-Mercatus
918 2920 1051 2994 dicitur
1078 2921 1157 3020 (a),
1186 2922 1334 3023 expulso

266 3064 335 3138 pro
353 3035 506 3138 quadam
529 3037 597 3110 levi
621 3038 755 3110 oflensa
777 3036 968 3110 Goisfredo
991 3037 1146 3111 naturali
1170 3037 1329 3130 boettcdt,

265 3154 310 3228 ad
325 3154 500 3227 tuendum
512 3151 677 3252 plurimis
690 3151 872 3226 baronum
884 3138 1032 3227 suornm
1045 3157 1328 3241 commendarim

265 3270 325 3346 sed
342 3271 401 3342 vix
425 3270 518 3343 ullus
545 3295 671 3343 eorum
692 3285 843 3368 propter
869 3269 1076 3344 infestantes
1097 3270 1280 3347 Milliaooe
1296 3287 1330 3346 et

264 3383 494 3460 Gerbcrritos
513 3386 589 3484 (ὅ),
620 3384 778 3485 aliosque
806 3381 966 3458 confines
992 3411 1066 3460 uno
1089 3410 1191 3460 anno
1221 3386 1327 3460 tartari

297 3669 335 3737 (ι)
354 3666 464 3721 Beatrix
476 3666 511 3719 1¹t
525 3664 560 3719 de
572 3661 754 3736 Huguerilie,
769 3664 926 3738 cinqnieme
943 3662 1055 3718 abbesse
1072 3660 1108 3717 de
1124 3662 1151 3717 Ιι
1167 3661 1324 3719 Triuiae&

260 3756 348 3823 Caen,
363 3754 549 3809 administrait
561 3771 592 3808 oe
604 3753 759 3808 monastero
771 3769 807 3806 au
816 3764 940 3808 moment
952 3755 989 3808 ou
999 3762 1080 3807 notre
1091 3753 1321 3808 auteurecrinit

296 3847 336 3910 (a)
356 3844 392 3897 1ae
406 3841 761 3896 Neai-Marchecu-Lions.
783 3843 833 3895 [rs
845 3843 938 3896 ruines
953 3839 992 3894 du
1010 3841 1126 3895 chiteau
1142 3851 1208 3896 sont
1220 3858 1322 3897 mar·

260 3929 374 4004 quables
386 3949 436 4004 par
448 3931 487 3984 tes
499 3929 616 4003 grandes
626 3929 796 3985 dimensione
805 3929 854 3985 des
863 3931 968 4003 pierres
979 3931 1027 4004 qui
1040 3948 1075 3985 en
1085 3931 1276 4002 componient
1286 3928 1322 3985 Ια

259 4030 560 4177 κῖζεῗοῖῃῖἓὴίυυη
573 4107 608 4164 de
628 4107 697 4162 Mitti
717 4109 797 4164 etde
816 4107 963 4163 Gerberoi.
985 4107 1055 4163 Mitti
1076 4117 1116 4162 est
1137 4123 1175 4160 un
1194 4105 1319 4179 burgi
