2768 5094
276 377 338 436 220
552 371 738 435 HISTORIA
761 370 1066 434 tccthttsnct.
1254 373 1349 451 [1071]

275 494 478 568 Belvacensi
493 495 549 594 (1)
571 519 720 568 uxorem
742 491 867 581 duxit,
893 520 936 567 ex
959 518 1030 594 qua
1051 488 1259 564 Ricardum
1275 490 1350 564 Gea-

276 609 406 682 trensis
424 609 615 683 comitatus
634 606 813 681 haeredem
829 607 953 707 genuit
963 660 974 695 ‚
995 606 1058 706 qui
1072 605 1226 705 juvenis
1243 604 1350 676 adhuc

276 725 470 828 liberisque
484 753 606 799 carens
620 752 703 798 cum
717 724 913 798 Guillelmo
927 721 1082 796 Adelino
1094 721 1253 797 Henrici
1267 721 1351 822 regis

277 845 484 945 Anglorum
499 843 576 918 filio
593 861 630 918 et
646 843 759 916 multa
772 841 1043 917 nobilitatevn⁰
1056 838 1204 914 kalend.
1219 838 1352 912 decem

276 958 352 1033 bris
369 958 557 1062 naufragio
573 961 682 1060 periit
701 960 716 1057 (
740 961 770 1057 )

326 1079 403 1152 Rex
419 1076 633 1152 Guillclmus
650 1078 808 1178 Rogerio
825 1075 869 1149 de
887 1073 1231 1149 Monte-Gomerici
1249 1072 1351 1171 (nin

276 1194 404 1292 primis
427 1209 583 1266 castrum
602 1191 843 1265 Arundeiium
865 1208 902 1264 et
922 1189 1052 1263 urbem
1072 1189 1279 1262 cicestram
1297 1185 1351 1259 de

278 1309 333 1381 dit
348 1339 358 1396 ;
391 1310 448 1382 cui
483 1325 605 1410 postea
633 1311 845 1383 comitatum
873 1305 1171 1395 Scrobesburiae,
1207 1332 1294 1407 quoe
1318 1306 1351 1377 in

279 1442 404 1500 monte
429 1453 536 1527 super
553 1424 743 1499 Sabrinam
765 1425 916 1498 fluvium
944 1424 1008 1496 sita
1034 1437 1088 1498 est
1109 1424 1187 1522 (4),
1214 1421 1350 1522 adjecit.

280 1542 348 1615 Hic
366 1544 504 1642 sapiens
521 1560 557 1616 et
573 1541 777 1617 moderatus
794 1558 831 1616 et
849 1557 988 1614 amator
1006 1541 1188 1642 equitatis
1207 1538 1301 1627 suit,
1321 1554 1353 1612 et

281 1660 489 1732 comitatem
505 1660 707 1759 sapientum
722 1675 831 1760 atque
844 1656 1092 1732 modestorum
1108 1657 1254 1731 ditexit.
1270 1657 1353 1729 Tm

282 1775 458 1873 sapientes
481 1776 629 1850 clericos
649 1807 658 1848 ε
679 1773 927 1850 Godebaldum
944 1773 1214 1848 etOdelerium
1238 1773 1296 1872 (5)
1317 1796 1353 1844 ac

283 1890 502 1966 Herbertum
526 1892 662 1965 diutius
689 1918 810 1966 secum
835 1889 977 1980 habuit,
1008 1918 1169 1992 quornm
1196 1890 1355 1964 consitiis

283 2010 563 2110 utiliterparuit.
574 2012 730 2086 Warino
738 2027 857 2083 autem
865 2010 975 2084 Calvo
982 2011 1224 2109 (ti)‚corporc
1231 2034 1353 2110 perro,

285 2127 345 2200 sed
362 2127 484 2201 animo
499 2152 650 2225 magno,
668 2127 863 2199 Amieriam
881 2143 1028 2224 neptem
1041 2152 1162 2213 suam,
1181 2141 1221 2199 et
1239 2124 1356 2225 prasi-

285 2242 408 2316 datum
431 2243 700 2319 Scrobesburiae
726 2243 845 2330 dedit3
869 2270 935 2345 per
952 2269 1062 2346 quem
1081 2241 1235 2317 Guattos
1259 2242 1356 2316 alios

285 2385 355 2458 que
372 2358 439 2434 sibi
457 2360 682 2434 adversantes
699 2359 847 2436 fortiter
863 2361 1057 2462 oppressit,
1076 2376 1113 2433 et
1127 2359 1356 2458 provinciam

287 2491 401 2551 totam
419 2475 486 2549 sihi
503 2478 729 2550 commissam
743 2476 955 2576 pacificavit.
970 2476 1209 2550 Gnilielmum
1222 2501 1357 2577 cogno·

286 2608 411 2666 mento
438 2592 649 2665 Pantulsum
679 2594 737 2694 (7)
771 2609 808 2667 et
835 2595 1010 2669 Picodum
1034 2595 1092 2694 (8)
1122 2608 1235 2694 atque
1266 2593 1358 2667 Cor·

319 2878 359 2946 (i)
377 2877 506 2951 linguei,
522 2878 644 2951 premier
655 2876 695 2931 du
706 2895 789 2947 nom,
801 2881 932 2952 seigneur
943 2878 1179 2937 declamantes
1189 2877 1358 2945 Baumisis,

286 2970 389 3040 epousa
403 2969 574 3042 Marguerite
586 2967 622 3022 de
635 2967 736 3023 Rouci.

321 3074 360 3139 (a)
377 3069 452 3124 Dans
473 3069 498 3125 le
519 3069 652 3144 naufrage
665 3069 700 3126 de
718 3070 742 3124 la
761 3070 980 3145 Blanche-Nej,
1000 3070 1027 3127 ie
1046 3068 1081 3126 25
1100 3070 1256 3128 novembre
1279 3090 1357 3147 ¹¹¹9·

286 3179 395 3216 comme
406 3179 476 3216 nous
488 3160 513 3217 le
525 3180 640 3216 verrons
651 3161 817 3231 ci·dessous,
831 3162 851 3217 l.
865 3180 918 3231 in,
935 3180 971 3218 en
986 3160 1074 3234 grand
1086 3161 1184 3217 detail.

321 3262 360 3335 (5)
379 3263 473 3337 Roger
483 3263 517 3318 de
531 3264 761 3336 Montgomtneri,
776 3274 867 3320 comte
879 3263 915 3319 de
927 3263 1048 3320 [settene
1057 3273 1087 3318 et
1099 3261 1257 3338 d'Aieoqou
1268 3280 1321 3336 pur
1332 3279 1360 3316 ι

287 3353 389 3408 semme
402 3353 503 3408 itabile
516 3351 551 3407 de
564 3352 695 3408 Bellene.

322 3461 361 3530 (4)
380 3460 416 3513 Le
426 3458 541 3513 chiteau
551 3456 729 3525 d'ArundelL
742 3456 811 3512 daus
819 3456 845 3511 le
859 3458 952 3511 comte
962 3454 997 3510 de
1009 3455 1123 3521 Sumen
1138 3454 1165 3510 la
1175 3453 1241 3511 ville
1252 3453 1291 3511 de
1298 3454 1362 3511 chi.

287 3549 396 3604 chester
407 3561 436 3604 et
449 3549 474 3603 ie
483 3548 666 3621 Shropshire,
678 3547 748 3603 dont
758 3548 784 3602 le
794 3546 928 3603 chef-lieu
941 3544 1127 3618 Shtewsbury
1140 3555 1183 3601 est
1195 3545 1271 3601 sitne
1280 3542 1360 3600 sorta

289 3640 416 3695 Sarerne.

325 3741 365 3810 (5)
384 3743 453 3796 Pete
464 3740 615 3797 d'0rderic
631 3739 718 3797 Vitat.

324 3843 362 3914 (6)
380 3844 454 3897 C’est
465 3842 676 3915 probablcment
688 3843 713 3898 ie
728 3845 818 3900 nieme
829 3863 1002 3918 piemonoage
1014 3861 1070 3919 que
1083 3861 1155 3899 nom
1167 3860 1284 3899 verrom
1294 3843 1361 3918 figu-

290 3953 335 3988 ret
348 3931 416 3986 dans
430 3932 455 3986 le
468 3932 537 3987 livre
551 3932 674 3988 vsousle
688 3951 753 3987 nom
767 3933 802 3988 de
819 3936 962 3989 Guarinus
974 3937 1137 3990 vicecomes.

324 4033 363 4104 (7)
380 4032 541 4087 Guillaorne
554 4033 687 4101 Pantoul‚
704 4035 834 4107 seigneur
846 4035 881 4090 de
895 4036 1005 4102 Noton,
1017 4036 1081 4108 pres
1093 4031 1210 4090 Falaise.

325 4136 364 4204 (8)
382 4136 460 4190 Picot
473 4135 507 4191 de
521 4137 580 4199 sat,
597 4139 662 4212 pres
674 4139 824 4211 Argentan.
