2768 5094
72 405 282 481 [totu-totu]
455 404 571 466 thtEtt
593 404 771 466 'l'Ell'llUS.
1106 413 1140 469 tt

74 527 167 615 tium
184 521 332 611 hebens,
349 523 508 622 plurimo
524 539 687 623 tempore
700 524 842 623 deguit,
859 525 1066 626 multisque,
1080 529 1144 628 qui

72 639 117 711 ad
139 666 222 713 eum
243 664 312 739 pro
333 640 504 738 sapientia
528 655 565 714 et
589 639 777 717 nobilitate
801 664 863 717 sue
890 640 1142 733 conlluebsnt,

72 755 228 829 consilio
244 753 387 854 pietatis
405 755 556 854 profuit.

123 875 205 972 lpse
223 873 379 947 mtrltum
399 872 586 961 hortante,
607 872 812 950 Rodbcrtus
830 873 939 950 abbas
954 877 1143 975 llugeuem

73 991 335 1066 buxeriensem
363 992 592 1090 episcopum,
620 989 882 1067 monachorum
905 991 1046 1069 fidelem
1071 1020 1144 1070 mrt-

70 1109 226 1205 gistrum
251 1122 287 1180 et
309 1122 471 1207 patrem,
496 1110 681 1195 accersiit,
708 1136 726 1180 s
750 1134 825 1208 quo
851 1109 1061 1208 predictam
1082 1137 1144 1187 es·-

71 1225 203 1325 pellsm
230 1227 267 1298 in
298 1223 437 1302 honore
464 1243 672 1303 sanctorum
696 1227 943 1302 consessorum
969 1227 1139 1316 Ebrulli,

71 1341 254 1416 Benedicti
280 1359 316 1416 et
340 1342 532 1418 leudfredi
555 1343 714 1418 secundo
737 1370 851 1419 nones
879 1347 961 1417 maii
986 1344 1141 1420 dedimri

70 1458 171 1531 lecit.
195 1457 362 1535 Tradunt
393 1460 484 1534 hanc
513 1460 744 1536 ecclesiama
774 1459 996 1560 temporibus
1023 1465 1140 1542 ¹structi

69 1573 215 1646 Ebrulli
241 1574 429 1649 conditum
455 1574 588 1664 luisse,
617 1578 826 1677 ipsumque,
856 1577 943 1650 dum
975 1603 1141 1677 superum

67 1689 254 1764 ardentius
273 1692 449 1768 inherere
463 1693 606 1769 velcbst
626 1692 795 1781 theorias,
811 1694 1024 1768 intermissis
1036 1710 1141 1771 erse-

68 1806 229 1883 rioribus
247 1811 342 1882 euris
358 1808 402 1883 ad
421 1811 532 1910 ipsum
549 1812 744 1910 confugere
760 1810 909 1885 solitum
926 1810 1047 1887 luisse.
1064 1814 1140 1885 Lo-
1214 1798 1222 1815 ⁸

68 1951 132 1998 cus
150 1928 223 2026 ipse
238 1942 293 2002 est
307 1953 474 2002 smeenus
489 1944 526 2002 et
546 1928 716 2003 solimis»
735 1929 819 2003 s'itse
842 1929 925 2001 satis
944 1954 1137 2029 congruus.

68 2041 163 2116 Nam
176 2044 215 2117 in
226 2042 317 2118 selle
330 2045 428 2117 risus
441 2045 572 2119 sterilis
584 2045 799 2121 Cerentenae
812 2045 939 2118 delluit
950 2099 961 2133 ,
974 2061 1012 2119 et
1025 2047 1139 2123 tuse

68 2160 228 2235 rieusem
244 2163 490 2261 episcopatum
506 2161 552 2235 sb
568 2162 779 2237 Ebtoicensi
797 2162 950 2236 dirimit.
973 2165 1014 2237 ln
1033 2189 1140 2239 cacu-

67 2279 168 2353 mine
186 2305 273 2355 vero
299 2284 434 2355 montis
457 2281 544 2355 silve
571 2281 707 2355 crebris
731 2279 922 2354 frondibus
946 2295 1139 2356 ventorum

68 2393 180 2469 llsbm
198 2398 367 2498 suscipit;
397 2400 434 2472 in
452 2398 591 2472 declivo
611 2415 730 2472 sutem
750 2399 884 2472 moritis
904 2398 1139 2473 interritum

66 2527 105 2586 et
131 2513 256 2589 sileam
284 2517 495 2591 viridarium
530 2516 714 2592 ecclesiam
747 2514 1012 2614 circumcingit.
1043 2514 1140 2597 Ante

67 2645 192 2726 portes
208 2633 366 2708 ecclesiae
382 2633 510 2709 Uticus
529 2631 613 2709 sons
632 2633 769 2720 oritur;
796 2656 907 2731 equo
925 2632 1045 2705 omnis
1066 2631 1140 2704 cir·

67 2751 271 2846 cumjseem
288 2753 388 2849 regio
404 2751 582 2824 Uticensis
598 2750 732 2824 dicitur
749 2749 818 2847 (s).

118 2863 174 2938 Ne
191 2867 345 2942 miretur
363 2868 443 2971 quis
464 2867 564 2968 quod
583 2867 864 2941 luxoviensium
886 2865 1077 2965 praesulem
1099 2863 1138 2941 iu

68 2979 278 3057 Flsmioensi
294 2986 488 3085 presulatu
501 2985 762 3061 dedicationem
776 2983 899 3059 secisse
910 2983 1081 3057 diximus.
1094 2984 1137 3057 ln

69 3099 199 3175 dicbus
209 3102 278 3175 illis
289 3118 361 3176 tres
373 3106 534 3203 generosi
548 3104 728 3202 presules,
739 3128 949 3201 magnusque
958 3099 1139 3175 civilitatis

70 3216 189 3291 tribus
212 3237 390 3319 prteernnt
414 3223 652 3295 conterminis
674 3219 885 3320 parrochiis.
912 3220 1020 3315 llugo
1039 3216 1139 3291 Wil-

69 3335 175 3409 lemui
193 3336 363 3412 lucensis
380 3340 524 3413 comitis
542 3338 637 3411 lilius
654 3353 807 3434 praeemt
825 3332 1135 3418 luxoviensibus,

66 3468 106 3523 et
124 3451 338 3527 willermus
354 3454 503 3527 Germdi
524 3453 675 3528 l'leitelli
697 3452 792 3526 lilius
809 3449 1040 3524 ecclesiastice
1055 3451 1137 3547 jum

66 3566 177 3642 dabat
206 3571 513 3658 Remis-ensibus,
547 3588 582 3646 et
612 3573 674 3644 lvo
696 3567 878 3643 Willermi
910 3567 1139 3640 llclesmeusis

106 3912 143 3974 ’1)
169 3906 244 3959 lons
266 3925 348 3961 attius
368 3910 447 3979 [scine
470 3911 483 3958 is
505 3907 594 3959 croire
615 3922 669 3976 qut·
689 3924 719 3956 ω
734 3904 787 3959 soit
805 3912 877 3956 celle
895 3902 1016 3958 lottlalttt·
1030 3902 1079 3975 qui
1099 3904 1138 3956 stt

66 3997 161 4049 dimos-
176 4012 226 4048 seo
239 4013 303 4048 nom
315 4000 330 4048 s
346 3995 369 4047 la
384 3996 451 4048 [siret
463 4006 490 4047 ct
503 3997 585 4047 ‘atnut
595 3992 621 4046 le
631 4010 696 4064 tuis
707 3991 888 4046 esnirouuut
896 3989 1007 4062 juutu'i
1018 3988 1042 4043 ls
1052 3987 1135 4043 ttiste.

70 4085 91 4137 ΙΙ
112 4103 183 4139 sustss
199 4087 341 4155 panitrsit
361 4084 422 4155 plus
439 4083 545 4138 natust-l
559 4100 613 4153 qest·
625 4099 656 4134 ct·
671 4082 710 4135 tin
726 4079 749 4133 la
767 4078 837 4139 [erut
855 4080 903 4149 qui
918 4079 966 4133 citt
979 4077 1072 4132 «tuone
1087 4096 1141 4157 usu·

69 4197 134 4229 eous
149 4199 163 4228 s
179 4177 202 4229 is
217 4179 339 4229 lentatur*
