2768 5094
134 400 246 473 tom]
495 402 611 464 moso
632 402 814 479 Qmmus.
1129 412 1189 474 sn

133 521 196 595 lex
210 535 332 595 autem
349 519 440 593 dixit
462 550 469 589 ε
490 524 757 625 Proeposterum
771 544 839 617 est,
848 528 933 628 fili,
950 530 1050 629 quod
1064 549 1184 633 optas.

133 635 206 711 volt
233 654 362 711 temere
382 643 487 741 patri
510 656 574 713 tuo
599 641 694 715 velle
719 642 946 718 dominatum
965 651 1186 749 praeripere,

133 780 228 853 tuem
258 756 308 830 ab
337 756 401 829 illo
433 756 542 830 debes
569 760 626 856 (si
652 760 789 862 dignus
813 763 955 861 fueris)
989 782 1190 866 opportuno

133 896 282 975 empore
318 901 398 947 cum
433 875 711 971 favorabilibus
741 879 873 980 populi
909 885 1004 953 ootis
1044 885 1081 954 in
1120 884 1191 955 Dei

133 994 372 1069 enedictione
403 997 597 1095 suscipere.
640 993 802 1097 Optimos
836 998 930 1098 elige
964 997 1030 1070 tibi
1068 1005 1190 1072 consi-

133 1117 273 1203 iatios,
292 1132 326 1187 et
336 1113 541 1214 prudenter
547 1138 721 1216 prtecave
737 1119 964 1207 temerarios,
985 1119 1052 1217 qui
1071 1134 1106 1190 te
1122 1122 1191 1191 sti-

133 1232 315 1319 nulantes,
337 1231 564 1333 impudenter
573 1233 728 1304 incitant
740 1233 795 1305 ad
809 1252 912 1307 actus
925 1238 1101 1328 nefarioss
1116 1238 1191 1309 Re-

133 1349 311 1421 nimscem
332 1347 426 1447 quid
445 1346 622 1419 Absolom
636 1348 795 1441 fecerit,
824 1350 982 1449 qualiter
1006 1355 1043 1422 in
1066 1352 1193 1427 David

133 1482 264 1537 mtrem
290 1490 397 1535 suum
430 1462 670 1553 rebellaverit,
705 1483 739 1535 et
764 1492 874 1564 quam
906 1468 1002 1539 male
1033 1485 1105 1540 tam
1135 1470 1192 1543 illi

133 1607 232 1679 ¹ruam
263 1578 485 1682 Acbitopltel
508 1596 543 1651 et
569 1581 742 1665 Arsissa,
783 1580 940 1679 aliisque
969 1584 1190 1657 consiliariis

133 1716 153 1770 ,·t
170 1696 391 1798 fautoribus
414 1699 490 1769 suis
513 1699 716 1794 contigerit.
738 1698 946 1771 Narmannt‘
965 1727 1104 1802 semper
1126 1704 1189 1773 in-

134 1819 235 1897 ruieti
248 1834 351 1901 sunt,
373 1832 407 1887 et
424 1815 712 1916 perturbationes
730 1816 899 1887 unienter
910 1819 1049 1889 sitiunt.
1065 1819 1147 1919 Ipsi
1156 1837 1190 1890 te

134 1935 175 2007 td
193 1936 322 2007 stultos
349 1951 502 2007 conatus
520 1950 737 2034 provocant,
764 1951 801 2003 ut
827 1932 979 2006 turbatis
1005 1934 1109 2007 rebus
1135 1939 1191 2007 in·

134 2050 356 2149 liscialinate
368 2065 499 2147 agant,
512 2048 747 2146 nefariasque
756 2052 918 2120 actiones
931 2051 1078 2152 impune
1091 2076 1192 2123 eser

134 2183 242 2239 scant.
269 2165 361 2237 Noli
386 2165 620 2264 adquiescere
639 2164 870 2265 petulantum
892 2166 1191 2267 persuasionibus

134 2286 292 2356 'uvenum
301 2340 314 2372 ‚
333 2282 402 2355 secl
415 2310 441 2354 u
457 2280 654 2354 Guillelmo
671 2298 705 2354 et
721 2280 933 2379 Larumnco
950 2283 1192 2385 archiepisco-

134 2404 178 2470 n's
199 2416 235 2471 et
260 2399 346 2472 aliis
368 2398 539 2501 sophistis
547 2455 559 2486 ‚
583 2401 805 2499 maturisque
819 2398 1031 2501 proceribus
1051 2401 1192 2499 inquire

134 2517 328 2591 ronsilium.
349 2518 463 2616 Quod
474 2521 510 2589 si
522 2516 717 2615 diligenter
727 2517 987 2607 observaveris,
1007 2521 1044 2590 in
1049 2518 1132 2619 fine
1146 2516 1192 2590 dc

134 2631 219 2705 iona
241 2652 416 2736 proventu
443 2649 644 2735 opportune
668 2631 896 2728 glon'aben‘s.
930 2634 975 2707 Si
1000 2660 1085 2707 uero
1111 2634 1193 2705 Ro-

134 2749 233 2821 ioam
245 2806 257 2838 ,
286 2756 352 2850 qui
374 2750 552 2836 Banaia’,
578 2751 804 2848 aliarumque
829 2752 1034 2851 sapientum
1056 2753 1193 2821 monita

134 2868 274 2966 =previt,
296 2868 458 2937 imitatus
463 2862 607 2964 fueris,
630 2883 664 2936 et
680 2868 855 2965 juvenum
867 2869 986 2959 jussis
1003 2866 1193 2937 obsecutus

134 2984 256 3073 uen‘s,
275 2984 479 3085 dejectione
499 3002 532 3056 et
550 2984 699 3084 repulsa
716 2984 865 3083 (quibus
883 2987 960 3084 ipse
978 2986 1055 3056 suis
1072 3000 1105 3055 et
1122 3010 1193 3053 cc-

134 3103 209 3171 ‘en‘s
239 3100 372 3179 viluit}
397 3101 463 3171 sliu
493 3125 645 3171 moerens
670 3102 833 3199 potieris.
868 3098 1047 3173 Robcrtus
1073 3097 1190 3170 dixit:

134 3218 232 3305 lluc,
260 3217 408 3289 dantiae
431 3226 588 3301 mirer,
617 3245 686 3288 rum
712 3221 854 3290 accessi
875 3246 944 3316 pro
971 3214 1193 3290 sermonibus

135 3334 343 3417 radiatilis,
364 3360 516 3433 quorum
533 3339 641 3435 rapio
658 3337 873 3433 frequenter
896 3361 1008 3432 usque
1030 3332 1084 3405 ael
1103 3357 1193 3403 nou·

135 3476 226 3522 team
245 3448 400 3521 imbutus
416 3475 496 3521 sum
512 3476 537 3519 a
551 3450 818 3547 grammaticis.
842 3450 865 3519 Ι
869 3450 979 3520 'emm
994 3452 1041 3520 cle
1056 3448 1191 3533 debito,

135 3596 231 3667 quem
261 3567 469 3670 prastolor,
498 3566 649 3654 bonore,
681 3566 772 3639 milti
798 3570 887 3639 satis
919 3565 1125 3667 msponde‚·
1156 3581 1194 3635 ut

135 3690 242 3758 sciam
255 3687 347 3785 quid
356 3685 445 3757 rrulu'
456 3689 642 3757 conmm'at
640 3682 784 3783 jacere.
799 3686 881 3757 lloc
888 3713 958 3785 pro
970 3682 1195 3775 consisterem

135 3823 179 3875 Ἣ
195 3803 303 3904 apud
322 3831 394 3889 me,
416 3821 450 3874 et
471 3801 636 3873 omnibus
651 3802 736 3873 volo
753 3821 875 3873 uotum
894 3830 971 3873 csse
991 3800 1092 3901 qittnl
1107 3798 1195 3871 ulte·

135 3930 202 3989 n'as
222 3924 259 3990 in
281 3920 510 3991 Aornumm'a
524 3922 661 3990 mum'ni
671 3919 836 3990 militabo
848 3918 914 3991 ,sttb
930 3916 1192 4017 mancipiorum

135 4034 224 4107 'utili
242 4039 460 4109 corult'tt'one.

180 4157 241 4226 ilis
259 4156 387 4225 :sotim
407 4160 516 4228 iustus
536 4185 593 4227 svs
612 4157 700 4228 «tisis
726 4190 731 4227 :
753 4157 837 4227 Jom
857 4157 936 4227 slis-r
957 4156 1020 4225 tibi
1038 4172 1094 4226 sat
1116 4180 1194 4223 rnre-
