2768 5094
283 368 343 430 nt
557 368 739 429 nisronn
762 368 1064 432 nocsnlssrios.
1140 376 1329 455 [sors-ross]

284 487 506 560 honestatem
527 511 654 558 eornm
677 512 760 557 cum
778 486 951 588 religione
974 507 1207 578 venerantes,
1233 492 1332 566 eisdt
1373 514 1382 553 ¹

282 602 397 676 rebus·
405 603 478 683 suis
498 601 662 675 idoneam
679 603 885 700 portionem
905 604 1155 680 contulerunt.
1175 607 1334 682 Praeletas
1380 636 1382 669 =

197 746 212 765 ··
284 720 417 818 quippe
439 716 646 790 Fulcherius
662 715 850 790 nobilitate
874 718 1036 814 cluebat,
1060 748 1104 795 ex
1124 723 1334 822 patrimonio
1373 751 1382 807 .'

281 852 348 907 suo
365 857 528 932 magnam
544 831 801 930 possessionem
814 831 980 922 habebat,
999 833 1204 937 litterisque
1215 838 1335 912 affatim

284 948 461 1037 imbutus,
483 965 614 1022 sanctae
637 949 699 1022 Dei
727 950 919 1023 Genitricis
942 954 1136 1026 eanonicus
1160 968 1252 1028 erat.
1274 957 1336 1054 ipe
1376 992 1381 1061 ².

283 1065 327 1138 de
347 1065 542 1139 donatione
564 1091 710 1156 rernm,
734 1092 820 1166 quas
845 1082 969 1140 sancto
997 1067 1142 1142 dederat
1170 1068 1335 1158 Ebmll'o,
1378 1108 1382 1163 ς

283 1180 441 1252 chartam
464 1179 570 1268 fecit,
595 1181 743 1281 ipsoque
769 1179 953 1291 subtilitoe'¹
974 1197 1010 1255 et
1031 1180 1147 1258 facete
1171 1183 1337 1272 dleunu,

283 1296 488 1371 Radbertus
509 1296 687 1388 Andreas,
705 1298 860 1396 scriptor
877 1278 1054 1399 egregius,
1074 1298 1144 1374 hoc
1161 1299 1274 1377 modo
1288 1329 1338 1374 an·

284 1416 445 1491 notavit:
689 1396 694 1407 ’

332 1533 418 1631 Ego
434 1531 664 1618 Fulclzerius,
682 1531 971 1632 Gerardifilius,
991 1532 1037 1604 B.
1057 1534 1197 1607 Marica
1212 1538 1340 1609 Cama-

286 1651 394 1721 tensis
425 1648 584 1722 ecelesia·
619 1646 790 1745 indignus
825 1648 1100 1749 qualescumque
1131 1656 1339 1740 emuniens,

286 1765 489 1837 multotiens
501 1790 640 1837 meeum
657 1766 824 1863 cogitans
838 1765 884 1836 de
892 1781 990 1838 statu
999 1793 1108 1856 maae,
1121 1767 1343 1870 aliomntque

286 1881 492 1952 nsortalium
517 1879 758 1968 conditionis,
786 1883 910 1952 omnia
925 1882 1051 1976 ferme
1076 1909 1162 1981 quoe
1186 1884 1256 1958 sub
1279 1885 1344 1958 sole

286 2014 369 2070 sunt
386 1999 495 2096 (sicut
509 1998 560 2070 ait
576 1996 767 2093 Salomon)
785 1997 975 2098 subjacere
989 2001 1147 2074 vanitati
1169 2009 1345 2106 comperi;

287 2142 354 2188 nea
371 2115 514 2214 aliquid
530 2140 606 2187 esse
623 2119 660 2185 in
677 2120 796 2202 terris,
815 2114 916 2213 quod
937 2114 1043 2187 beare
1060 2136 1146 2218 post
1168 2145 1346 2192 aerumnas

284 2231 394 2332 hujus
406 2234 494 2303 aitoe
503 2230 660 2303 homines
666 2232 801 2332 possit,
815 2232 889 2302 nisi
899 2232 1058 2329 aliquid,
1071 2232 1162 2306 dum
1179 2237 1344 2325 aie-enat,

281 2375 354 2453 prn
370 2375 409 2421 se
426 2346 696 2446 benefecerint.
726 2347 852 2446 Hujus
873 2349 928 2418 rei
946 2347 1238 2423 consideratione
1259 2376 1348 2424 com·

288 2483 425 2553 motas,
452 2491 499 2537 ac
521 2490 678 2536 meorum
700 2468 888 2536 criminum
910 2468 1121 2539 enonnitate
1139 2466 1253 2541 ualde
1271 2493 1349 2569 pen

289 2587 427 2654 territus
440 2583 632 2680 (quoniam
641 2581 899 2678 unusquisqne,
912 2580 1120 2681 dedisque
1128 2590 1258 2683 gessit,
1271 2585 1347 2657 Deo

288 2704 462 2773 rationem
479 2698 699 2799 quandoque
721 2714 772 2770 est
788 2697 1030 2789 reddituntsl,
1057 2702 1174 2772 vuum
1195 2719 1251 2775 est
1266 2699 1348 2774 milti

289 2817 412 2909 (credo
431 2844 479 2889 ee
496 2817 570 2889 Dei
585 2816 835 2914 inspiratione)
846 2868 856 2899 ,
873 2841 921 2886 ea
932 2814 987 2888 tis
1006 2842 1088 2915 quae
1096 2817 1289 2917 posst'deo,
1302 2819 1345 2891 ll.

287 2928 443 3029 Ebruffo
454 2929 661 3031 aliquapno
674 2929 792 3001 salute
802 2955 897 3015 rnea,
911 2931 1181 3031 amieonunque
1193 2958 1349 3007 mennam

288 3049 455 3134 tradere,
479 3045 574 3117 ende
583 3047 729 3142 fratres
747 3049 820 3117 mei
841 3063 876 3116 et
891 3047 1004 3120 amici
1012 3103 1025 3136 ,
1051 3045 1144 3119 inibi
1157 3047 1346 3148 degentes,

287 3164 652 3265 quantulamcumque
670 3162 802 3235 habere
817 3165 961 3263 possint
978 3189 1168 3265 corporum
1185 3165 1348 3239 substan·

286 3285 478 3369 tationem,
498 3296 532 3351 et
544 3283 750 3351 manentiam
769 3284 841 3350 mei
853 3280 1070 3378 aliquotiens
1088 3282 1225 3354 exinde
1239 3282 1348 3356 ta’bea

286 3404 355 3471 tius
368 3395 523 3498 faciant
534 3430 549 3481 ;
573 3399 747 3494 quoniam
768 3422 831 3484 ea,
852 3422 933 3495 qua>
952 3399 1106 3496 posteris
1123 3401 1253 3471 nostris
1264 3402 1347 3500 jare

286 3514 515 3587 hereditario
537 3514 791 3610 relinquimus,
810 3538 883 3584 non
897 3510 1013 3584 solum
1028 3511 1112 3586 dieo
1128 3542 1138 3584 .·
1153 3533 1242 3614 post
1258 3542 1347 3589 mor

285 3647 356 3702 tem
376 3657 448 3703 non
462 3645 638 3731 prosunt‚·
659 3633 908 3717 verumetiam,
929 3634 1018 3727 quia
1038 3629 1135 3702 male
1149 3656 1196 3704 aa
1216 3632 1345 3705 locavi

286 3771 384 3836 inus,
418 3745 521 3818 nobis
555 3745 747 3844 plun'mum
779 3743 951 3841 officiunt.
983 3745 1118 3818 Notum
1151 3735 1272 3819 etitem
1302 3751 1346 3820 sit

285 3880 423 3934 sanctae
448 3863 629 3935 Ecclesia·
649 3860 813 3934 omnbus
824 3861 1002 3961 fidelibus
1029 3868 1115 3963 quia
1141 3890 1211 3963 ego
1235 3864 1345 3938 libens

285 3997 394 4077 atque
410 3997 649 4077 spontaneas,
680 4004 770 4049 mete
794 3980 905 4050 saluti
927 3984 964 4050 in
972 3977 1106 4079 jutura
1117 3980 1341 4083 praevideas,

285 4096 390 4167 beato
413 4091 566 4189 Edrnffn
591 4111 623 4163 et
646 4093 716 4164 sibi
738 4095 968 4168 seruientibus
994 4098 1064 4169 t‘sta
1088 4098 1211 4168 omnia
1219 4153 1233 4184 ,
1267 4097 1345 4170 licet
