2768 5094
395 416 512 481 mutu
533 346 716 497 oriturus.
1027 436 1087 485 aon

154 564 249 615 uxor
262 538 431 614 Bemardi
445 539 554 628 caeci,
571 541 670 615 dedit
687 540 874 614 monachis
888 542 925 614 S.
942 541 1087 616 Ebrulfi

140 655 389 760 edegentibua
401 657 630 732 medietatem
642 674 748 732 terrae
756 659 798 751 18.
811 659 999 733 Columba
1011 662 1026 760 (
1034 664 1085 759 1):

140 778 203 850 {ani
222 802 332 878 quam
348 776 528 864 nemoris,
544 791 678 874 praeter
692 775 766 849 duo
780 802 941 874 arpenna
959 793 1084 871 terrae,

140 894 225 971 ledit
247 894 400 982 eisdem,
418 891 481 966 ubi
503 910 649 992 possent
665 894 814 967 domum
832 893 1027 982 aedificare,
1050 914 1088 969 et

140 1013 421 1088 eatineaiterius
431 1026 547 1110 parte,
561 1015 588 1083 si
604 1011 749 1100 velient,
768 1010 913 1085 habere.
927 1014 1005 1085 Hoc
1022 1040 1087 1085 au·

140 1132 216 1217 cit,
236 1127 516 1206 concedentibus
535 1128 692 1204 dominis
709 1130 802 1201 suis:
828 1130 1000 1204 Goisleno
1018 1134 1089 1203 sei-

140 1249 207 1349 qui
227 1246 331 1318 aliam
349 1243 576 1318 medietatem
599 1259 705 1318 terrae
727 1261 877 1343 propter
897 1248 1086 1345 penuriam

140 1364 150 1435 i
173 1378 264 1435 tune
288 1362 324 1433 in
348 1360 512 1434 dominio
543 1358 733 1459 tenebat),
761 1380 798 1435 et
829 1364 1016 1439 Gumone
1040 1364 1086 1438 de

140 1514 167 1567 i,
187 1480 252 1580 qui
272 1478 430 1577 capitalis
449 1477 619 1551 dominus
636 1496 726 1551 erat.
751 1481 814 1552 His
835 1482 1007 1554 nimirum
1026 1510 1088 1581 pa·

162 1596 330 1671 monachi
358 1594 512 1667 multam
537 1593 679 1669 diverso
708 1612 870 1696 tempore
899 1605 1087 1696 pecuniam

140 1747 166 1801 e,
188 1727 356 1815 optantes
373 1714 409 1784 in
430 1711 587 1811 legitima
610 1738 695 1812 paee
718 1738 795 1786 rem
816 1713 1086 1788 ecclesiasticam

140 1860 159 1917 e,
175 1842 215 1901 et
230 1826 524 1901 oommoditatem
539 1826 695 1926 aliquam
713 1827 1013 1928 subsequentibus
1029 1857 1087 1905 so·

140 1943 299 2021 ovidere.
328 1945 467 2017 Primus
494 1944 614 2044 itaque
636 1945 755 2044 lingo,
781 1947 845 2045 qui
874 1946 1024 2045 cupidus
1050 1966 1087 2022 et

140 2064 266 2135 mimus
284 2075 380 2147 erat,
400 2058 469 2133 hoc
487 2060 674 2158 negotium
696 2062 734 2133 in
754 2061 919 2159 prioratu
938 2089 1003 2137 suo
1024 2065 1086 2137 in-

143 2193 181 2266 t,
205 2192 243 2249 et
264 2175 424 2277 proesatae
441 2176 561 2248 Teaaae
586 2200 609 2246 x
632 2174 784 2264 solidos,
807 2192 844 2249 et
865 2176 982 2251 Odoni
1010 2180 1086 2254 filio

140 2318 229 2366 num
254 2291 476 2377 fustaneum,
502 2305 609 2390 atque
633 2289 830 2364 Guillelmo
853 2318 988 2391 genero
1011 2298 1085 2393 ejus

140 2408 189 2483 los
210 2408 354 2483 tribuit.
371 2407 545 2482 Goisleno
561 2407 669 2479 etiam
692 2405 791 2479 dedit
813 2433 929 2481 unum
950 2436 1085 2512 equum

140 2544 265 2601 utuor
285 2524 405 2613 libris,
436 2541 474 2599 et
497 2526 599 2598 uxori
625 2528 700 2622 ejus
721 2549 769 2597 xx
790 2524 945 2615 solidos,
974 2542 1083 2629 atque

140 2646 193 2718 >ni
214 2669 289 2716 xxv
308 2644 458 2730 solidos,
479 2658 516 2715 et
532 2668 706 2716 corneum
723 2641 919 2743 scyphum,
938 2648 1082 2747 ejusque
1128 2688 1131 2695 ·

140 2760 158 2858 53
172 2758 294 2831 atium.
310 2760 394 2831 Haec
405 2774 443 2830 et
457 2756 522 2829 alia
541 2758 642 2856 plura
654 2757 846 2856 supradicti
863 2758 1026 2834 homines
1036 2762 1081 2836 de

140 2902 162 2949 e
194 2875 456 2949 monachorum
487 2872 714 2963 habuerunt3
745 2890 782 2946 et
808 2874 946 2948 donum
975 2904 1082 2977 super

140 2992 283 3066 Domini
294 3007 469 3091 ponentes
478 3017 599 3065 coram
613 2991 736 3063 multis
749 2990 911 3080 testibus,
929 2992 1082 3068 firmiter

156 3125 423 3183 concesserunt.
444 3109 513 3182 Sed
531 3108 762 3208 postmodum
783 3109 991 3186 stimulante
1006 3114 1082 3184 ini-

140 3254 172 3313 e,
192 3223 356 3325 pluribus
374 3225 491 3299 modia
505 3242 615 3327 rupto
633 3225 787 3312 foedere,
811 3229 954 3300 mentiti
981 3246 1078 3302 sunt‘

140 3368 197 3416 >ue
213 3341 373 3427 Guaszo,
393 3344 454 3442 qui
474 3342 607 3415 fortior
621 3340 790 3415 omnibus
806 3358 900 3429 erat,
920 3343 1081 3446 aliosque

140 3460 273 3545 ierem,
305 3460 485 3557 corrigere
511 3456 708 3543 debuisset,
734 3458 996 3559 eleemosynam
1021 3462 1081 3535 iu-

140 3577 213 3661 rit,
236 3576 394 3674 praedam
413 3575 595 3673 hospitum
611 3574 729 3674 oepit,
752 3589 789 3647 et
808 3573 937 3649 domos
953 3600 1080 3669 eornm

140 3693 205 3765 tit.
223 3694 327 3765 Unde
345 3692 436 3766 idem
452 3692 569 3779 locus,
589 3694 681 3763 sicut
693 3691 830 3765 dudum
842 3692 977 3782 fuerat,
997 3697 1080 3771 soti-

140 3812 256 3884 factus
270 3827 334 3883 est.
356 3808 523 3883 Monachi
544 3811 641 3883 enim
656 3808 716 3880 tali
733 3810 939 3885 necessitate
961 3812 1079 3886 iocum

140 3924 587 4026 ndimiserunt.[)eniqne,
600 3922 1078 4025 transactispluribusannis‚

158 4101 224 4111 ...ο-
296 4100 598 4109 ....-....--.....-.
634 4100 845 4107 ὓ-..-υ--.-η
897 4102 958 4109 ....

144 4188 363 4249 ιιιιρ-(ΣοΙοηιΙιο,
381 4190 495 4241 iranreau
511 4198 588 4241 entre
604 4186 693 4241 arante
706 4196 733 4241 et
747 4185 829 4243 ttius.

887 4280 936 4353 So
