2768 5094
60 402 66 411 ·
157 377 216 436 130
431 369 615 431 HISTORIA
637 365 944 429 uectusllsrlca.
1021 364 1223 449 [iffi-lto]
1269 410 1271 421 .

154 494 267 568 duum
291 492 361 562 iter
386 487 430 560 ad
455 489 654 564 Dominum
680 489 732 560 ire
756 485 908 587 aggressi
935 500 1040 559 sunt.
1067 486 1131 559 Ex
1154 486 1225 587 ipn‘
1268 514 1271 535 ·

153 609 300 712 quidam
315 607 392 706 ipsc
405 620 508 705 patre
523 603 638 678 adhuc
651 606 793 677 vivente
808 601 1005 703 praemium
1022 598 1142 677 bone
1154 628 1226 677 cun·
1268 610 1271 679 2

154 725 366 800 versationis
385 720 649 814 obtinuerunt,
668 721 801 823 aliique
824 721 862 794 in
884 736 1014 795 uncto
1041 722 1227 821 proposi!

155 842 219 914 diu
233 850 527 940 permanserunt,
545 838 762 938 longamque
773 835 941 910 militiam
955 835 1124 911 viriliter
1134 862 1227 911 exer·

157 973 330 1044 ruerunt,
366 955 512 1055 Deoque
536 955 729 1030 devotione
761 953 921 1053 placere,
954 967 995 1026 et
1020 951 1227 1027 hominib·

156 1076 341 1151 bonorum
372 1099 525 1172 operum
551 1072 775 1147 exhibitione
801 1069 971 1170 prodesse
994 1069 1226 1147 studuerunt.

156 1192 333 1269 Nonnulli
350 1217 437 1266 vero
458 1190 649 1267 nobilitate
669 1189 848 1290 pollentes
864 1188 1096 1263 monasterio
1113 1189 1227 1264 sucin

157 1310 281 1383 multis
297 1305 563 1396 subvenerunt,
580 1322 617 1382 et
633 1335 654 1380 a
673 1304 882 1407 parentibus
896 1304 970 1378 suis
984 1305 1048 1379 rel
1067 1311 1170 1379 notis
1180 1302 1227 1379 vel

157 1423 279 1499 amicis
291 1424 444 1497 decimas
460 1439 497 1497 et
512 1422 697 1511 ecclesias,
713 1437 751 1495 et
765 1406 978 1494 ornamenta
993 1420 1226 1495 eecles’mlira

157 1540 306 1614 utilitati
319 1539 476 1613 fratrum
488 1536 742 1613 obtinuerunt.
761 1535 980 1638 Singillatim
992 1537 1141 1628 omnia,
1154 1560 1227 1639 qn

157 1657 282 1731 domui
307 1682 380 1729 suae
405 1655 536 1755 singuli
560 1654 818 1742 contulerunt,
848 1652 1007 1727 omnino
1028 1651 1227 1728 describes

159 1798 323 1875 nequeo;
342 1771 403 1849 sed
424 1787 543 1845 tamen
561 1770 697 1871 aliqua,
719 1787 831 1872 prout
846 1782 1125 1870 competentem
1139 1768 1227 1845 rufo·

158 1890 262 1965 rendi
282 1890 490 1963 sacirltatem
511 1888 656 1977 videro,
678 1892 828 1988 juvante
844 1890 921 1963 Deo
938 1889 1124 1965 vernciter
1146 1888 1226 1965 iuti·

158 1990 257 2083 mare
273 2035 342 2108 pro
365 2008 550 2082 communi
575 2007 768 2083 commodo
784 2006 987 2107 posteritati
1010 2008 1142 2108 cupio.

206 2126 347 2198 Primus
368 2126 487 2225 itaque
517 2122 781 2198 monachorum
800 2123 975 2223 Rogerius
999 2121 1049 2197 de
1071 2122 1226 2225 Altarip

151 2247 253 2339 jussu
269 2241 410 2341 praesati
427 2239 567 2312 abbatis
589 2242 628 2313 in
648 2266 778 2341 pagum
792 2239 1032 2314 vilcassinum
1056 2241 1226 2341 permit,

155 2376 193 2435 et
209 2357 365 2433 Heldriei
385 2348 605 2456 Cortem'(r)
618 2360 762 2458 (quem,
780 2359 874 2431 sicut
892 2382 1000 2457 supra
1015 2358 1227 2445 retulimus.

156 2471 329 2547 Ricardus
341 2473 548 2547 vulneratus
561 2474 694 2549 Saudo
706 2473 861 2548 Ebrullo
873 2472 1037 2573 dederat)
1051 2473 1227 2574 possedit,

157 2589 544 2691 terramqueincultam
554 2606 592 2663 et
601 2616 692 2690 pene
705 2617 852 2665 summm
862 2587 1069 2665 cultoribus
1077 2592 1227 2666 invenit.

155 2708 261 2783 Unde
275 2709 312 2780 in
323 2709 451 2807 primis
462 2707 595 2781 ibidem
607 2710 811 2783 construxit
820 2709 1023 2782 oratorium
1033 2706 1084 2783 de
1096 2706 1229 2809 virgul-

158 2828 204 2900 tis
218 2827 254 2900 in
268 2822 409 2899 honore
421 2827 460 2899 S.
476 2825 614 2899 Nicolai
630 2828 864 2927 Myrreorum
876 2826 1061 2925 presulis,
1082 2826 1232 2929 ideoqn
1266 2858 1269 2863 ·

157 2946 277 3030 vicus,
294 2945 357 3044 qui
383 2970 483 3017 nrinc
505 2943 638 3018 ibidem
664 2945 851 3033 consistit,
873 2944 1007 3044 capella
1029 2944 1070 3017 S.
1096 2944 1230 3019 Nicolai

157 3086 271 3159 nsque
287 3058 393 3132 hodie
410 3076 640 3158 nuncupatur
652 3059 697 3131 ab
712 3061 853 3135 ineolis.
870 3063 1101 3161 Frequenter
1112 3062 1231 3137 cunti·

157 3175 231 3276 git,
249 3175 341 3246 sicut
367 3174 439 3273 ipse
457 3172 564 3249 nobis
581 3174 717 3249 referre
742 3176 897 3266 solebat,
918 3176 1019 3276 quod
1037 3178 1229 3253 nocturnis

160 3290 385 3392 temporibus
397 3291 486 3363 dum
502 3293 538 3365 in
554 3292 687 3391 capella
700 3293 819 3393 virgea
836 3294 1034 3368 matutinos
1047 3292 1227 3381 cantabat,

162 3409 265 3508 lupus
281 3436 301 3483 e
317 3424 443 3482 eontra
461 3407 595 3484 deforis
611 3408 748 3497 stabat,
767 3426 804 3484 et
821 3409 919 3511 quasi
938 3408 1110 3509 psallenti
1132 3438 1229 3487 mur·

159 3527 338 3599 morando
349 3525 600 3626 respondebat.
616 3526 838 3601 Venerabilis
852 3529 972 3628 itaque
984 3528 1044 3601 vir
1055 3528 1228 3603 divinitu
1269 3610 1271 3695 i

195 3774 235 3837 (ι)
253 3769 436 3825 lleudicourt.
453 3771 546 3841 h'orez
557 3770 704 3842 sitiemus,
717 3794 744 3847 p.
765 3794 773 3828 ι
782 3778 821 3841 14.
835 3775 859 3829 ll
869 3774 982 3829 n'existe
992 3773 1058 3849 plus
1068 3775 1107 3833 de
1114 3778 1228 3851 vulp

161 3858 197 3914 de
210 3858 235 3911 la
248 3857 373 3929 chapelle
383 3859 599 3927 saint-Nicolas‚
615 3862 643 3916 ni
657 3862 695 3917 du
708 3863 825 3919 hamran
837 3882 892 3938 que
904 3874 985 3920 notre
996 3875 1101 3921 auteur
1112 3884 1184 3923 noua
1192 3868 1228 3922 in·

161 3946 248 4020 dique
267 3964 375 3999 comme
393 3947 492 4002 s’etant
510 3948 721 4020 lormeautou13
738 3952 806 4006 maia
823 3952 976 4008 seulement
993 3952 1134 4031 quelques
1147 3966 1228 4013 tw

161 4036 245 4093 d’une
260 4035 385 4111 chapelle
400 4036 435 4091 dc
452 4039 677 4110 &int-Sauram,
693 4048 708 4097 i
723 4062 777 4116 peu
793 4042 829 4099 de
846 4042 970 4099 distance
981 4042 1021 4101 dn
1038 4048 1184 4105 ternum
1194 4046 1228 4101 de

162 4137 234 4180 crttr
249 4143 404 4179 continuos,
