2768 5094
155 347 215 407 386
429 342 610 404 HISTORIA
632 342 940 405 Ecctutlasrlca.
1111 350 1200 427 [tots

154 482 190 538 et
217 463 424 538 vaticinium
453 461 532 534 laeta
559 488 642 534 cum
672 461 833 535 tristibus
863 464 1061 538 continens
1085 468 1202 567 regina
1237 487 1245 529 ¹

153 580 367 654 retulerunt.
383 579 554 651 Homines
568 605 653 653 vero
665 578 910 680 subsequentis
924 582 1014 668 sevi,
1026 583 1093 682 qui
1112 582 1205 656 Nem·
1239 602 1245 641 ¹·

155 701 234 771 triae
250 711 381 796 strages
398 697 551 795 perpessi
570 714 674 783 sunt,
689 696 745 770 vel
769 699 932 772 incendia
949 715 986 773 et
1007 716 1137 773 caeten
1150 701 1205 774 ds·

156 817 323 888 trimenta
341 827 529 887 senserunt
539 866 549 900 ,
570 812 728 887 cladibus
745 817 816 887 suis
832 831 869 889 et
888 814 1083 891 horrendis
1101 818 1204 893 inlov·

156 933 265 1007 tuniis
281 932 478 1005 veridicum
494 946 612 1004 vatem
627 934 800 1007 veraciter
816 936 953 1033 experti
970 953 1073 1009 sunt.

202 1048 365 1148 Denique
385 1044 608 1119 llodhertum
620 1101 631 1135 ,
656 1063 738 1147 post
761 1048 891 1121 multas
914 1064 952 1124 et
971 1049 1121 1124 inutiles
1141 1051 1206 1122 cir·
1236 1082 1241 1099 ·

155 1165 384 1250 cumitiones,
405 1162 629 1236 hebetudinis
650 1190 722 1237 suae
747 1165 940 1263 poenituit;
961 1166 1024 1241 sed
1040 1163 1151 1239 libere
1171 1166 1206 1237 ad

154 1287 284 1357 iratum
306 1298 445 1382 patrem
470 1282 598 1381 (quem
622 1298 789 1379 proterve
811 1282 1029 1383 reliquerat)
1049 1282 1206 1382 repedari

153 1399 329 1500 nequivit.
342 1397 446 1470 Unde
460 1396 504 1468 ad
517 1395 724 1497 Philippum
736 1425 857 1498 regam
868 1399 1118 1491 Francorum,
1130 1423 1206 1473 000.
1242 1446 1245 1461 .

153 1514 343 1590 sobrinum
360 1510 497 1585 scilicet
511 1538 634 1600 suum,
653 1513 822 1600 divertit3
840 1528 878 1588 et
890 1514 937 1587 ab
953 1541 999 1590 eo
1014 1513 1206 1589 adminicu-

155 1632 230 1704 lum
248 1628 315 1702 sibi
333 1625 465 1702 obnixe
485 1631 683 1728 proposcit.
704 1631 820 1724 Quem
840 1630 900 1707 ille
921 1632 1102 1732 suscepit,
1123 1648 1157 1705 et
1175 1631 1204 1703 in
1234 1648 1245 1709 ³³

154 1763 310 1823 castrum
331 1743 592 1818 Gerberracum
616 1748 673 1844 (r)
696 1745 841 1820 direxit.
868 1747 962 1820 lllud
984 1747 1123 1848 quippe
1142 1772 1206 1819 cas·
1239 1771 1245 1813 v

155 1884 254 1939 trum
276 1867 312 1936 in
330 1888 422 1964 pago
437 1862 638 1937 Belvacensi
657 1865 766 1937 situm
787 1881 840 1940 est
863 1882 901 1940 et
918 1863 1102 1941 Neustriae
1116 1864 1205 1939 colli·
1236 1888 1245 1930 ι

155 1986 373 2068 mitaneum,
399 1982 579 2080 positione
605 2007 692 2055 vero
714 1982 784 2056 loci
809 1999 847 2057 et
870 1984 983 2057 muris
1004 2010 1046 2057 ac
1063 2008 1204 2083 propup
1236 2002 1245 2041 ¹

154 2100 291 2174 naculis
308 2099 557 2174 fortissimum.
580 2097 696 2171 Helias
712 2124 857 2199 quoque
872 2098 1121 2173 vicedominus
1136 2125 1204 2171 cun
1236 2118 1245 2160 ¹

156 2217 314 2317 compari
325 2242 391 2290 suo
402 2229 585 2315 gratanter
593 2215 734 2288 exulem
746 2217 885 2315 regium
898 2218 1068 2316 suscepit,
1083 2217 1202 2318 illique,
1239 2240 1245 2276 ¹

156 2335 298 2433 suisque
314 2328 550 2431 complicibus
574 2330 747 2402 auxilium
765 2332 803 2404 iu
820 2329 989 2405 omnibus
1008 2330 1201 2432 spopondit.
1228 2342 1245 2479 p

155 2451 267 2523 Moris
284 2449 382 2521 enim
398 2463 452 2520 cst
472 2447 566 2518 illius
589 2448 715 2532 castri,
734 2463 776 2519 ut
794 2447 928 2523 ibidem
943 2449 1018 2523 duo
1033 2476 1134 2548 pares
1147 2447 1203 2520 do-
1240 2466 1245 2505 ²

156 2567 246 2640 mini
258 2567 343 2651 sint,
358 2579 528 2638 etomncs
541 2559 674 2635 ibidem
686 2562 828 2665 fugitivi
841 2566 1095 2664 suscipiantur,
1111 2562 1206 2638 unde·
1242 2596 1245 2623 =

157 2707 311 2782 cumque
327 2679 549 2755 advenerint.
575 2677 629 2750 lbi
652 2678 857 2754 Rodbertus
877 2681 1061 2782 gregarios
1083 2682 1206 2782 equites
1231 2728 1235 2749 ;

158 2800 323 2901 collegit,
351 2800 471 2898 eisque
493 2812 530 2870 et
552 2796 676 2870 multis
702 2795 899 2871 baronibus
920 2796 1047 2871 Galliae
1075 2798 1128 2893 (si
1152 2796 1207 2869 sihi
1231 2770 1237 2925 l

158 2917 335 3017 suppetias
351 2912 581 3009 advenerint)
597 2912 714 2985 multo
731 2915 864 3011 majora
882 2938 990 3012 quam
1003 2913 1089 2987 dare
1104 2926 1208 3012 posset

158 3033 336 3137 promisit.
351 3032 424 3102 Hac
438 3031 548 3129 igitur
558 3030 744 3103 occasione
756 3028 870 3102 multa
880 3028 969 3101 mala
980 3028 1207 3126 pullularunt,
1243 3080 1245 3085 -

158 3168 194 3225 et
211 3151 275 3223 filii
293 3146 504 3248 perditionis
521 3144 645 3218 fraude
665 3144 720 3217 vel
738 3147 771 3217 vi
790 3162 915 3218 contra
938 3146 1093 3219 inermes
1109 3161 1144 3220 et
1160 3146 1210 3217 in-

159 3292 296 3343 nocuos
310 3262 543 3363 prodierunt,
557 3277 594 3334 et
613 3262 816 3335 innumeras
833 3261 1040 3362 iniquitates
1054 3263 1211 3362 nequiter

159 3381 351 3459 machinati
369 3393 465 3450 sunt.
485 3377 591 3450 Multi
609 3377 652 3450 de
670 3377 743 3464 his,
758 3379 819 3477 qui
835 3376 972 3477 pacifici
992 3377 1210 3466 videbuntur,

160 3520 197 3579 et
214 3500 288 3600 regi
311 3523 372 3569 seu
391 3492 581 3567 clientibus
604 3496 678 3591 ejus
700 3493 949 3580 adulabantur,
974 3520 1017 3567 ex
1042 3495 1210 3594 insperato

164 3619 317 3694 inimicis
335 3610 542 3711 reipublicae
555 3610 818 3709 jungebantur3
834 3639 853 3684 a
870 3610 1146 3714 quibusaffines,
1158 3612 1211 3684 do

199 3936 237 4001 (ι)
255 3930 408 3992 Gerbcroi;
427 3944 463 3980 ou
481 3927 530 3979 sait
544 3927 626 3998 qu'cn
643 3926 705 3982 cllet
725 3927 796 3982 doux
810 3927 945 3983 branchos
956 3930 1126 3986 collaterales
1142 3928 1174 3983 dc
1190 3928 1210 3979 lt

163 4025 253 4078 meme
269 4017 370 4073 lainillc
389 4015 560 4089 qmsscdairnt
573 4015 795 4072 simultationem
810 4018 836 4073 le
851 4020 917 4073 titre
932 4032 961 4076 et
979 4022 1118 4079 l'autorite'
1133 4020 1166 4075 de
1176 4020 1209 4069 νί·

162 4114 256 4167 «tames
270 4107 303 4160 de
317 4115 388 4159 cette
400 4104 487 4175 place,
503 4121 608 4159 comnis
621 4115 699 4158 notro
713 4115 810 4159 auteur
823 4124 854 4160 va
866 4106 891 4162 lc
904 4107 974 4164 dire.
