2768 5094
297 381 337 444 84
573 377 756 439 utstotttt
779 377 1083 439 uectusttsttct.
1162 381 1358 460 [lotii-lm]

298 517 369 572 tate
391 497 547 583 audivit,
571 495 757 596 fidumque
782 496 991 597 suffragium
1011 495 1050 569 in
1073 522 1138 569 sua
1162 500 1360 573 necessitate

296 613 509 717 spopondit..
525 611 729 687 Rodbertus
744 629 865 688 autem
881 612 924 686 ad
941 629 1106 714 parentes
1122 640 1214 688 suos
1227 617 1268 689 in
1279 617 1361 716 Apr-

294 733 399 822 liam,
418 728 481 803 ubi
498 729 605 817 nrbes
622 745 658 802 et
674 730 806 843 pppida
817 732 1029 831 quamplura
1045 730 1081 802 vi
1097 754 1297 805 armorum
1309 731 1361 807 ob

297 851 501 937 tinuerant,
524 848 705 936 transivit,
733 864 769 921 et
788 848 967 947 completa
987 874 1070 921 cum
1090 848 1143 921 eis
1163 848 1360 935 locutione,

296 993 378 1038 cum
405 965 535 1039 litteris
553 965 758 1064 apostolicis
782 980 818 1039 et
843 964 985 1039 duobus
1002 963 1255 1040 cardinalibus
1271 968 1363 1042 cleri-

293 1083 344 1155 cis
363 1082 624 1156 Normnnniam
648 1083 816 1179 repetiit,
838 1097 875 1154 et
894 1082 1184 1156 lulium-Bonam
1209 1084 1293 1183 (1),
1311 1082 1362 1156 nbi

294 1216 382 1273 tunc
403 1194 575 1299 temporis
592 1200 806 1274 Willermus
823 1198 896 1272 dux
917 1199 1055 1271 curiam
1074 1226 1180 1273 suam
1204 1201 1361 1286 tenebat,

293 1317 460 1391 audacter
492 1316 592 1389 adiit.
625 1316 783 1390 Audiens
816 1342 903 1390 vero
931 1315 1004 1389 dux
1035 1315 1137 1417 quod
1165 1316 1362 1393 Rodbertut

291 1430 400 1513 abbas
413 1460 496 1507 cum
512 1434 634 1545 legatis
651 1460 754 1533 papae
770 1432 951 1506 abbatiam
964 1433 1176 1507 Uticensem
1191 1436 1362 1537 quaesitu·

294 1577 356 1622 rus
373 1551 590 1640 advenisset,
613 1565 649 1625 et
666 1549 870 1639 Osbempr
889 1550 990 1623 ducis
1009 1551 1111 1648 jussu
1129 1549 1361 1625 substitutam

292 1665 460 1741 abbatem
484 1654 584 1740 velut
613 1666 816 1753 inuason
834 1664 944 1749 alieni
965 1667 1058 1765 juris
1082 1665 1362 1743 calumniaturus

292 1800 383 1857 esset
391 1837 403 1872 ‚
421 1782 651 1856 vehementer
664 1780 880 1867 iratusnliu‘t
896 1809 933 1856 se
947 1782 1093 1884 quidem
1111 1782 1256 1884 legatos
1272 1810 1361 1885 pape

293 1901 338 1974 de
360 1898 429 2011 lide
452 1917 487 1972 et
509 1898 683 1998 religione
710 1897 926 1990 christiana,
945 1915 987 1971 nt
1010 1902 1220 1974 communis
1238 1905 1359 2002 patris,

294 2017 452 2090 libenter
477 2030 748 2116 suscepturum
775 2014 836 2088 sed
860 2016 888 2087 si
917 2016 998 2115 quis
1033 2015 1360 2092 monachorumde

295 2149 390 2208 terra
422 2159 484 2205 sua
518 2132 734 2205 calumniam
763 2129 832 2204 sibi
861 2132 1081 2217 contrariam
1111 2132 1300 2222 inferret,
1326 2131 1360 2205 ad

293 2252 459 2325 altiorem
477 2275 653 2349 quercum
668 2249 797 2321 vicinae
821 2248 932 2348 sylvae
955 2274 1020 2348 per
1038 2249 1215 2348 capitium
1234 2250 1362 2325 incre·

295 2382 417 2439 renter
434 2388 703 2462 suspensurum.
721 2361 828 2455 Quod
841 2362 988 2437 audiens
1000 2366 1105 2464 llugo
1121 2365 1263 2464 praesul
1276 2364 1362 2440 ttot-

294 2480 400 2554 berto
419 2479 615 2567 intimavit,
633 2494 669 2551 et
683 2494 724 2550 ut
736 2477 927 2552 furibundi
944 2479 1120 2579 principis
1136 2481 1360 2580 proesentian

294 2599 489 2673 declinaret
506 2596 709 2669 admonuit.
725 2595 773 2678 At
791 2597 850 2670 ille
861 2597 1076 2670 festinanter
1092 2596 1178 2670 inde
1191 2597 1356 2684 discesit,

296 2731 332 2787 et
358 2714 394 2786 in
421 2739 552 2812 pagum
578 2712 821 2786 Parisicnsem'
836 2713 880 2786 ad
904 2712 1148 2786 venerandum
1174 2714 1360 2816 Hugonen

295 2832 462 2935 abbatem
471 2829 632 2904 coenobii
646 2831 758 2902 sancti
773 2830 935 2930 Dionysii
949 2829 1139 2903 Gallorum
1149 2831 1309 2929 apostoli
1318 2831 1360 2928 (a)

296 2951 455 3037 secessit,
479 2963 515 3020 et
537 2946 632 3046 apud
656 2948 772 3047 ipsum
795 2949 987 3047 (cognatus
1003 2947 1139 3047 quippe
1160 2972 1249 3020 suus
1270 2948 1359 3042 ent)

294 3084 332 3141 et
351 3063 444 3164 apud
463 3062 700 3136 alios'amicos
716 3090 757 3136 ac
773 3079 936 3162 parentes
953 3089 1034 3137 suos
1044 3117 1056 3151 ,
1080 3065 1145 3163 qui
1164 3065 1265 3140 inter
1280 3064 1359 3139 Gal·

296 3183 417 3257 lorum
429 3205 599 3282 proceres
612 3177 815 3278 pollebant,
831 3180 1039 3280 aliquandiu
1051 3177 1257 3257 honorifice
1269 3179 1359 3256 habt

298 3301 398 3373 tavit.
425 3296 511 3372 lnde
534 3296 700 3371 Osberno
725 3294 844 3368 abbati
868 3296 1051 3370 mandavit
1076 3312 1118 3370 nt
1141 3323 1268 3373 coram
1293 3301 1360 3373 llo·

295 3417 411 3490 manis
423 3411 662 3488 cardinalibus
677 3413 712 3485 in
727 3438 818 3513 pago
831 3412 1043 3486 Carnotcnsi
1057 3411 1166 3488 ambo
1178 3415 1357 3503 adessent,

332 3696 371 3759 (r)
388 3688 565 3754 Lillebonne‚
579 3688 617 3741 orl
635 3685 674 3740 lea
691 3686 760 3741 dues
778 3687 813 3741 de
834 3689 1005 3744 Nonnandie
1024 3691 1132 3745 avaient
1143 3691 1230 3748 etabli
1243 3691 1357 3750 l'mtb

296 3781 372 3837 leurs
394 3777 548 3834 residences
566 3779 606 3832 les
622 3777 684 3850 plus
706 3778 870 3834 habituelles
892 3791 921 3836 et
941 3780 979 3834 lca
994 3781 1056 3854 plus
1068 3783 1183 3839 chem:
1198 3784 1356 3850 lutatam,

297 3871 377 3928 sedes
389 3873 466 3940 regia
482 3888 500 3921 a
514 3867 632 3922 dominis
647 3868 874 3924 ll'ormunuorum
890 3873 1005 3926 multum
1019 3885 1114 3929 amata
1126 3875 1356 3950 etsoeqmtm,

297 3962 340 4015 dit
351 3960 376 4013 la
390 3957 545 4029 chronique
558 3957 593 4011 dc
607 3957 714 4012 Robert
728 3958 766 4011 du
780 3961 868 4015 llont.

333 4056 373 4118 (a)
388 4050 519 4120 liugom,
535 4048 689 4121 quatrieme
701 4049 740 4103 du
757 4069 836 4117 nom,
857 4049 927 4105 abbe
945 4049 980 4106 de
997 4051 1177 4108 seint-Denis
1190 4055 1200 4123 l
1213 4051 1353 4128 roto-1061

295 4159 332 4195 ou
351 4139 442 4209 1062).
