2768 5094
278 365 338 427 126
552 362 735 424 HISTORIA
757 361 1064 427 Euctusltstlcl.
1248 366 1333 447 [loett

276 486 437 588 priorem
446 482 573 584 elegit,
588 485 692 585 eique
704 510 770 584 per
781 488 996 584 pastoralem
1006 482 1185 558 baculum
1200 489 1334 563 exterio

274 630 353 678 rem
370 629 493 703 curam
519 601 688 690 tradidit,
707 618 744 676 et
760 603 935 702 praedicto
951 602 1105 676 antistiti
1115 655 1129 691 ,
1147 616 1193 675 nt
1209 628 1253 677 ea
1274 630 1333 706 qu

275 717 342 809 sibi
360 717 405 792 dc
419 717 695 818 spiritualicura
711 716 964 816 competebant
985 716 1197 819 suppleret,
1216 744 1335 818 praeoe·

276 837 345 936 pit.
358 835 422 909 llle
439 861 524 909 vero
534 833 691 909 libenter
706 835 828 911 omnia
843 834 1050 935 complevit.

324 952 463 1026 Eodem
486 952 543 1025 dic
569 953 624 1051 (i)
640 952 716 1025 dux
735 951 913 1026 domnum
923 950 1176 1024 Lanfrancum
1197 956 1336 1025 Becco·

275 1069 370 1142 sium
383 1070 545 1170 priorem
559 1095 681 1143 coram
698 1093 735 1142 se
752 1068 871 1141 adesse
889 1067 1100 1167 imperavit,
1116 1067 1232 1167 cique
1248 1065 1336 1140 abba

275 1186 384 1275 tiam,
409 1212 518 1287 quam
543 1185 617 1285 ipse
643 1184 717 1257 dux
735 1184 773 1258 in
796 1183 936 1257 bonore
957 1185 993 1257 S.
1019 1181 1200 1283 Stephani
1224 1196 1337 1284 proto

274 1303 445 1402 martyris
471 1301 565 1402 apud
588 1300 788 1375 Cadomum
817 1298 1083 1375 honorabiliter
1109 1297 1337 1389 fundarent,

275 1416 555 1494 commendavit.
583 1417 805 1493 Lanfrancus
829 1417 949 1518 itaque
976 1416 1118 1517 primus
1145 1416 1339 1492 Cadomca·

275 1535 370 1610 sium
389 1533 498 1607 abbas
515 1532 631 1608 factus
647 1548 721 1624 est,
739 1532 801 1608 sed
816 1533 925 1633 paulo
946 1529 1089 1633 posted
1112 1531 1339 1607 Ganttaaricu·

275 1680 350 1728 scm
366 1650 712 1752 archiepiscopatum
739 1667 930 1750 promotus
947 1665 1014 1725 est.
1043 1650 1137 1723 Erat
1162 1648 1263 1725 idem
1287 1624 1367 1723 nel

275 1770 377 1844 tione
417 1765 691 1867 Langobardus,
731 1765 935 1840 liberalium
974 1766 1111 1839 artium
1145 1765 1342 1840 cnaditionc

274 1886 466 1962 affluenter
499 1884 684 1976 imbutus,
713 1882 955 1985 benignitate,
984 1881 1152 1984 largitate
1187 1899 1230 1957 et
1252 1883 1343 1958 orani

275 2007 451 2107 religione
467 2004 660 2105 praeditus,
684 2002 919 2103 eleemosynis
934 2000 1083 2102 aliisque
1095 1999 1213 2075 bonis
1228 2000 1344 2075 studit

274 2123 526 2223 multipliciter
543 2123 717 2194 intentus.
733 2121 801 2192 Hic
812 2120 986 2192 nimirum
999 2145 1019 2190 a
1034 2116 1114 2211 die,
1129 2144 1213 2220 quo
1225 2118 1345 2218 primi·

275 2256 334 2313 tus
355 2240 449 2338 apud
471 2236 760 2310 Bonam-Villam
792 2236 857 2334 (ut
883 2232 1176 2335 praelibavimus)
1194 2233 1344 2311 eccleis

274 2359 434 2458 regimen
454 2355 626 2452 suscepit,
645 2378 722 2424 xxii
741 2354 844 2426 aunis
858 2370 895 2427 et
912 2378 949 2426 ιι
966 2351 1153 2427 mensibus
1171 2354 1346 2429 multicia
1380 2396 1382 2401 ·

274 2472 384 2545 domo
397 2472 461 2544 Dei
475 2468 638 2547 fidelibus
651 2467 843 2570 proficiens
862 2468 1035 2545 nobiliter
1050 2470 1198 2545 claruit.

323 2584 670 2685 Venerandusllugo
681 2585 868 2686 episcopus
879 2585 1152 2686 magnanimum
1165 2584 1346 2663 Deiclien·

275 2718 350 2778 tem
372 2703 588 2777 lllaiuerium
603 2707 705 2802 jussu
724 2703 823 2776 ducis
835 2703 984 2777 Uticum
1003 2700 1175 2797 adduxit,
1192 2729 1347 2806 eumque

275 2821 473 2896 secundum
500 2835 630 2893 statuta
657 2845 838 2894 canonum
860 2836 944 2895 ante
970 2820 1081 2894 altare
1108 2821 1229 2895 sancti
1252 2820 1345 2895 Petn'

273 2939 524 3038 apostolixnr‘
538 2939 605 3010 lral.
616 2938 753 3037 augusti
769 2934 964 3015 benedixit.
980 2936 1346 3037 llleautemsuscepto

273 3055 424 3127 nomine
440 3052 578 3125 abbatis
596 3069 633 3127 et
648 3079 759 3127 onere
772 3052 1000 3127 laudabiliter
1014 3053 1105 3126 vixit
1113 3105 1125 3140 ,
1145 3067 1184 3126 et
1202 3078 1346 3153 sump-

274 3186 354 3244 tum
368 3171 528 3273 regimen
538 3195 617 3242 xxii
631 3171 734 3242 annis
748 3184 784 3243 et
797 3195 850 3243 vn
866 3168 1047 3244 mensibus
1059 3167 1201 3244 utiliter
1212 3170 1343 3257 terant,

273 3289 471 3391 multisque
487 3286 602 3361 modis
629 3287 886 3363 monasterium
904 3286 972 3360 sibi
994 3286 1230 3361 commissum
1248 3286 1342 3361 inus

272 3422 311 3481 et
322 3406 478 3480 exterius
489 3408 638 3505 juvante
655 3404 730 3479 Deo
755 3400 971 3478 emendavit.
990 3405 1131 3476 Fratres
1143 3399 1342 3477 antesubs-

272 3528 432 3627 nigniter
453 3525 587 3599 sedavit
604 3525 746 3598 solertia
764 3539 800 3597 et
814 3523 974 3610 ratione,
995 3520 1057 3623 qui
1075 3518 1340 3622 aliqtnutnlum

308 3876 349 3941 (i)
367 3873 454 3926 Itone
469 3883 596 3927 auteura
615 3870 726 3943 neglige
739 3871 898 3947 ‹l’indiqucr
910 3870 935 3924 la
953 3869 1016 3925 date
1028 3869 1134 3945 prticioe
1151 3866 1189 3923 de
1204 3884 1252 3924 ces
1268 3866 1338 3924 (hux

272 3963 462 4023 investitura:
476 3980 583 4016 comme
595 3962 711 4016 Mainier
724 3962 765 4017 lut
780 3961 888 4016 installu
901 3961 925 4015 le
939 3960 971 4015 16
977 3959 1085 4033 juillet,
1099 3968 1129 4013 et
1139 3976 1199 4034 que
1211 3976 1264 4015 m
1274 3976 1338 4035 με·

271 4052 416 4107 dtoesseur
428 4053 496 4107 e'tait
507 4062 581 4106 mort
593 4051 618 4106 le
631 4068 664 4127 ²7
677 4054 745 4121 mai,
760 4072 797 4108 on
810 4053 871 4108 doit
882 4053 972 4108 croire
980 4050 1094 4128 qu'elles
1105 4061 1209 4107 sumt
1219 4048 1340 4109 tutta

273 4140 310 4195 siu
324 4139 359 4195 dc
367 4141 430 4212 juin
442 4159 478 4195 ou
492 4158 525 4195 au
539 4154 773 4199 commencenrent
787 4143 822 4197 de
832 4141 933 4213 juillet.
