2768 5094
279 348 338 406 298
554 344 739 407 HISTORIA
762 344 1068 405 ecclesiastiea
1229 350 1325 426 [wil'

280 464 411 561 cendos
430 481 624 539 castrenses
644 482 725 566 apte
745 467 890 542 locavit
913 468 1071 555 Interea,
1093 465 1184 538 dum
1201 468 1328 567 quadm

278 556 336 655 die
353 581 552 655 Aimericus
566 582 609 656 de
624 581 852 682 Valere10()
869 580 1072 683 dapiferum
1090 585 1188 684 regis
1202 584 1331 659 Franco

278 700 410 796 rum(2
414 700 445 797 ),
459 726 522 799 qur
514 698 673 773 adeum
686 699 894 789 diverterat,
909 697 1126 788 deduxisset,
1138 716 1178 773 et
1192 724 1275 773 cum
1288 702 1333 772 ui·

277 811 528 886 husmrlrtrbus
538 814 581 886 ad
591 830 863 889 castrumsuum
874 812 935 888 ubi
949 814 1069 890 hostes
1079 842 1176 916 regis
1188 813 1336 889 tutaban
1375 868 1382 938 t

281 946 341 1002 tur
355 947 549 1020 remearet,
567 931 664 1006 sorte
681 934 724 1006 de
741 934 837 1035 regia
854 933 1028 1035 phalange
1042 946 1207 1036 quatuor
1218 934 1382 1057 equites

279 1051 445 1124 exierunt
454 1051 583 1151 ‚eique
599 1049 785 1126 obviantes
800 1051 959 1125 aditum
943 1079 1019 1150 jam
1037 1051 1223 1152 proximae
1233 1052 1339 1125 muni·

279 1167 389 1240 tionis
405 1193 479 1239 suae
492 1166 803 1258 obturaverunt,
796 1194 983 1269 ipsumque
995 1169 1246 1268 percutientes
1258 1154 1382 1241 illim

278 1301 523 1380 peremerunt.
551 1285 688 1359 Deinde
709 1285 857 1361 cadaver
880 1287 1026 1359 infausti
1047 1286 1238 1387 praedonis
1257 1285 1342 1361 idn
1379 1370 1382 1391 1

278 1402 438 1475 occisum
459 1429 560 1477 suem
583 1429 690 1503 super
715 1430 848 1504 equum
872 1404 1115 1497 sustiderunt,
1134 1418 1173 1479 et
1194 1402 1342 1479 delatum
1378 1400 1382 1415 '

277 1533 361 1591 ante
378 1519 553 1618 mappalia
571 1521 716 1620 Rogerii
738 1519 900 1609 comitia,
920 1536 1048 1595 contra
1063 1546 1174 1622 quem
1187 1518 1255 1593 diu
1270 1518 1344 1594 bot·

279 1635 391 1709 tiliter
416 1638 598 1726 saevierat,
627 1640 872 1737 projecerunt.
898 1636 1084 1712 Guileriua
1109 1651 1237 1711 antem
1260 1634 1343 1709 fitia

278 1755 352 1852 ejus
363 1756 420 1855 (3)
437 1770 509 1828 tam
522 1756 604 1832 diro
621 1758 732 1856 patris
747 1757 953 1830 infortunio
970 1756 1118 1831 territus
1130 1778 1343 1856 paoemcum

276 1898 359 1971 rege
378 1871 532 1972 pepigit,
551 1874 657 1973 eique
671 1872 904 1973 postmodum
924 1889 960 1947 et
978 1869 1184 1945 haeredibus
1198 1874 1276 1971 ejua
1287 1895 1343 1971 per

276 2015 392 2063 annos
409 1989 523 2064 ferme
540 1991 803 2092 quinquaginta
819 1990 933 2065 fidelis
950 1990 1084 2064 extitit.

326 2105 443 2177 Multa
463 2108 651 2207 terrigenis
671 2108 865 2182 imminent
882 2106 1104 2194 infortunia;
1119 2130 1206 2205 qnae
1222 2104 1253 2177 ai
1268 2100 1344 2175 dili·

277 2239 404 2323 genter
423 2223 669 2298 scriberentur
695 2226 838 2312 omnia,
861 2223 1020 2323 ingentia
1044 2221 1231 2322 replerent
1252 2218 1344 2295 volu·

275 2342 388 2415 mina.
408 2342 516 2414 Nunc
537 2340 679 2415 hiemali
698 2341 835 2441 frigore
849 2343 987 2442 rigens,
1004 2340 1083 2414 aliis
1099 2338 1344 2440 occupationi·

276 2455 344 2528 bus
374 2455 524 2545 vacabo,
556 2473 839 2558 praesentcmque
872 2438 1038 2532 libellum
1065 2454 1124 2529 bic
1155 2456 1344 2529 termium

276 2572 443 2671 fatigatus
460 2573 628 2646 decerno.
644 2573 827 2648 Redeunte
846 2600 933 2649 vero
948 2574 1078 2675 placidi
1094 2573 1189 2647 veria
1206 2596 1341 2659 screno,

276 2714 316 2759 ea
333 2714 416 2788 quae
436 2689 556 2761 minus
573 2689 678 2788 plene
690 2690 840 2765 diarerui
850 2745 861 2779 ,
877 2693 950 2763 sive
966 2717 1049 2791 quae
1067 2703 1224 2777 certarit,
1244 2688 1343 2763 inat·

276 2802 471 2904 quentibus
502 2805 706 2905 replicabo,
734 2807 881 2907 Deoque
896 2811 1063 2907 juvante,
1089 2832 1189 2879 casus
1210 2832 1343 2907 guerre

274 2922 442 3021 pacisque
455 2939 684 3035 nostratuum
700 2926 814 2998 veraci
830 2924 915 2999 stilo
931 2926 1075 3024 copiose
1090 2922 1309 2999 dilucidabo.

810 3114 993 3123 ——u———

310 3208 349 3276 (ι)
368 3206 473 3260 Aimeri
486 3206 521 3260 de
535 3205 650 3262 Villcrai
662 3207 790 3278 (chiteau
800 3206 868 3262 dana
882 3206 907 3261 lc
917 3208 1057 3279 voiainage
1066 3205 1102 3262 cle
1113 3206 1255 3275 l'lluitnc,
1269 3218 1342 3265 enne

275 3297 408 3353 Condeau
420 3308 448 3352 et
459 3296 875 3368 saint-Germain-des-Grots).

309 3390 349 3457 (a)
362 3386 575 3443 l’robablemcnt
590 3387 736 3456 Frederic,
751 3390 800 3462 qui
816 3389 885 3443 ctait
902 3387 1030 3441 seneclnl
1043 3386 1080 3441 dc
1092 3386 1199 3443 france
1212 3406 1247 3444 en
1265 3382 1339 3461 ¹⁰7⁵·

275 3496 311 3530 eu
329 3476 447 3543 llobert,
463 3481 511 3552 qui
525 3480 592 3533 etait
606 3479 700 3533 revdm
714 3477 750 3533 dc
762 3489 835 3532 cette
849 3478 952 3549 charge
965 3494 999 3530 cn
1017 3495 1092 3551 ¹⁰59·

311 3564 348 3629 33}
366 3566 492 3622 Goulliei·
505 3566 539 3621 ιΙι·
554 3567 685 3623 l'illerai.
701 3566 742 3621 fils
755 3566 793 3620 du
808 3565 966 3639 precedent..
