2768 5094
408 417 522 479 tinen
545 416 727 493 noturus.
1042 426 1097 484 an

26 537 169 638 quibus
195 526 342 611 l'ortuna
366 539 519 609 nimium
543 538 721 610 variabilis
740 542 872 611 extitit.
899 542 949 611 lle
970 541 1101 640 quibus

28 655 175 753 prolixa
194 670 231 728 et
245 681 367 727 rerum
384 654 552 727 varietate
564 654 677 727 dulcis
694 655 842 730 historia
857 661 1098 757 compaginari

28 775 211 847 veraciter
225 771 245 845 b
262 772 428 846 studiosis
444 774 568 872 possit.

32 963 75 1022 tt.
180 955 280 1011 l‘raesul
295 952 453 1019 maurilius,
467 954 599 1009 doctrine
611 954 672 1010 luce
685 954 817 1024 refertus,

181 1043 306 1097 lloribns
316 1043 424 1096 eximiis
438 1041 570 1115 praefulsit
581 1051 611 1096 ct
622 1041 729 1097 actibus
741 1042 828 1096 almis.

32 1213 103 1283 llic
121 1236 254 1309 genere
271 1211 522 1308 lllaguntinus,
542 1211 579 1282 in
600 1208 691 1282 urbe
709 1207 893 1283 florentia
911 1209 1104 1282 monachili

31 1326 212 1399 coenobio
229 1324 367 1399 abbatis
384 1330 464 1426 jure
486 1325 652 1425 praesuit,
676 1344 713 1402 et
730 1353 857 1401 exosus
876 1343 1108 1426 transgresso·

33 1444 141 1516 ribus
154 1469 221 1542 pro
233 1445 351 1541 rigore
361 1442 578 1540 disciplinae,
591 1468 771 1515 venenum
786 1443 824 1513 in
836 1458 932 1542 'potu
945 1442 1011 1515 sihi
1027 1470 1110 1541 pro-

32 1563 165 1660 pinato
181 1556 429 1660 deprehendit.
449 1557 554 1631 Unde
571 1560 832 1631 sanctissimum
850 1576 1003 1658 patrem,
1023 1560 1110 1632 doc-

36 1694 231 1776 toremque
241 1675 474 1748 benedictum
488 1690 641 1763 secutus,
656 1672 920 1773 incorrigibiles
933 1674 1106 1763 deseruit,

36 1810 74 1867 ct
103 1798 142 1866 in
169 1793 370 1866 Neustriam
398 1818 481 1863 cum
504 1791 682 1865 Gerberto
709 1793 859 1892 sapienti
884 1809 920 1864 et
943 1792 1109 1891 religioso

38 1909 223 1983 monacho
241 1925 402 2008 tempore
428 1906 602 1981 lobannis
629 1906 765 1980 abbatis
791 1911 1039 2009 compatriota·
1055 1912 1109 1982 sui

39 2031 258 2100 fiscannum
273 2028 392 2113 venit,
413 2025 535 2126 ibique
556 2027 720 2099 stabilem
738 2026 780 2099 ad
800 2025 939 2099 cultum
960 2053 1110 2102 summae

41 2163 76 2216 et
97 2143 292 2215 individuae
308 2143 497 2215 Trinitatis
517 2141 776 2218 habitationem
797 2144 864 2216 sibi
883 2146 1001 2245 elegit.
1022 2142 1109 2217 lnde

41 2278 123 2360 post
143 2260 288 2360 aliquod
308 2277 446 2359 tempus
460 2260 692 2334 ecclesiastica
707 2263 882 2336 electione
896 2278 1109 2361 assumptus,

43 2386 57 2472 s
65 2380 233 2478 deposito
256 2376 453 2476 Malgerio)
478 2378 800 2479 metropolitanum
825 2380 960 2478 apicem
986 2406 1109 2451 ascen·

41 2497 116 2581 ‹lit3
146 2513 182 2569 et
206 2520 257 2566 xn
284 2496 413 2584 anuis,
441 2512 602 2594 tempore
622 2497 796 2584 Victoris,
817 2495 1010 2595 Stephani,
1042 2494 1109 2567 Ni·

43 2614 132 2685 ‹olai
159 2627 196 2683 et
223 2610 414 2685 Alexandri
440 2639 612 2713 paparum
641 2614 784 2701 lloruit,
816 2639 987 2713 nonoque
1010 2636 1108 2687 anno

44 2732 256 2830 praesulatus
266 2732 317 2801 sui
330 2733 646 2831 metropolitanam
656 2731 835 2804 basilicam
846 2731 1048 2828 dedicarit(
1072 2732 1102 2827 ).

43 2852 204 2947 Corpora
229 2875 314 2921 vero
335 2848 467 2919 dueum
490 2847 653 2921 llollonis
675 2864 711 2921 et
729 2849 911 2921 Gnillelmi
936 2875 1108 2921 reveren-

44 2984 98 3034 ter
124 2967 161 3036 in
190 2990 322 3034 sacram
348 2964 458 3034 tndem
490 2966 695 3048 transtulit,
719 2981 754 3037 et
779 2964 967 3037 llollnuem
993 2990 1105 3064 prope

41 3082 174 3151 ostium
191 3077 372 3163 Australc,
391 3079 672 3152 ethillelmnm
692 3108 789 3152 secus
806 3083 939 3151 ostium
959 3080 1100 3178 llqnilo

42 3196 119 3267 nale
137 3194 345 3281 tumulavit,
363 3213 399 3268 et
419 3195 594 3296 epitaphia
611 3223 737 3269 eornm
758 3224 864 3298 snper
879 3196 959 3270 illos
978 3197 1104 3270 litteris

41 3314 156 3383 aureis
171 3312 371 3383 annotarit.
394 3311 558 3385 Rollonis
576 3329 695 3385 autem
714 3311 838 3384 titulus
861 3313 938 3383 talis
954 3329 1019 3383 est.

964 3516 1099 3528 n—

89 3650 111 3709 t)
134 3640 249 3694 llaurile
261 3640 428 3712 (septembre
439 3639 538 3713 atriti-9
550 3642 615 3693 aorlt
629 3640 713 3715 resq).
724 3642 854 3695 lmrtes
863 3642 912 3695 drs
921 3642 1104 3718 archeriupm

44 3734 73 3780 le
91 3731 189 3783 ltnuen
203 3740 265 3782 sont
278 3729 334 3784 loin
346 3729 381 3783 de
394 3730 544 3784 s'arcorder
556 3732 768 3802 comple-tentent
785 3750 846 3784 arec
857 3741 937 3785 notre
946 3744 1044 3787 orateur·
1057 3754 1104 3790 sur

48 3841 90 3870 un
104 3832 224 3891 «imapum
246 3822 323 3873 hiasi
335 3839 390 3894 que
402 3839 451 3874 son
469 3821 612 3892 epitaphe,
630 3819 662 3872 tls·
679 3820 704 3873 le
716 3820 774 3874 timt
789 3822 876 3874 naitrr
891 3830 904 3871 ,ἰ
920 3820 1026 3886 lli-iuis,
1042 3834 1103 3877 etu-

44 3912 101 3959 dwr
117 3930 132 3960 a
151 3909 247 3976 large,
265 3910 326 3978 puis
339 3908 416 3961 tenir
434 3907 540 3961 lubiter
558 3926 612 3960 rinc
627 3910 762 3980 pwmiiw
775 3910 826 3962 lois
844 3909 960 3983 tteanip
978 3921 1057 3965 ararit
1068 3910 1104 3967 de

46 4022 62 4043 ι
82 3997 181 4049 remlrr·
194 4016 227 4049 rn
245 3997 330 4050 ltaltr.
350 3997 425 4052 Nous
436 4016 554 4070 pensons
565 4017 620 4070 qtae
635 3997 673 4050 les
688 3997 844 4051 murteum
855 3997 891 4051 de
903 4018 947 4051 crs
964 4010 1037 4052 artes
1053 4011 1101 4055 tant

43 4100 83 4136 rte·
99 4110 112 4138 a
126 4099 222 4157 pirate
241 4086 277 4141 de
298 4086 436 4141 nrueillir
455 4089 504 4139 «les
523 4099 757 4156 mnsetpnements
775 4090 836 4161 ,aas
855 4102 945 4144 crarta
964 4110 1019 4165 qtae
1035 4108 1102 4145 oona

45 4198 90 4239 aaa
104 4180 221 4244 ligarent
237 4180 281 4231 ier.
