<?xml version="1.0" encoding="UTF-8"?>
<!DOCTYPE html PUBLIC "-//W3C//DTD XHTML 1.0 Transitional//EN"
    "http://www.w3.org/TR/xhtml1/DTD/xhtml1-transitional.dtd">
<html xmlns="http://www.w3.org/1999/xhtml" xml:lang="en" lang="en">
 <head>
  <title>
</title>
<meta http-equiv="Content-Type" content="text/html;charset=utf-8" />
  <meta name='ocr-system' content='tesseract 3.04.00' />
  <meta name='ocr-capabilities' content='ocr_page ocr_carea ocr_par ocr_line ocrx_word'/>
</head>
<body>
  <div class='ocr_page' id='page_1' title='image "./ordericivitalis06deligoog_0274.png"; bbox 0 0 2790 5084; ppageno 0'>
   <div class='ocr_carea' id='block_1_1' title="bbox 151 376 1137 454">
    <p class='ocr_par' dir='ltr' id='par_1_1' title="bbox 151 376 1137 454">
     <span class='ocr_line' id='line_1_1' title="bbox 151 376 1137 454; baseline 0.003 -14"><span class='ocrx_word' id='word_1_1' title='bbox 151 386 161 440; x_wconf 79' lang='lat' dir='ltr'><strong><em>s</em></strong></span> <span class='ocrx_word' id='word_1_2' title='bbox 452 376 565 440; x_wconf 73' lang='lat' dir='ltr'><strong><em>itum</em></strong></span> <span class='ocrx_word' id='word_1_3' title='bbox 588 379 781 454; x_wconf 59' lang='lat' dir='ltr'><strong><em>oremus.</em></strong></span> <span class='ocrx_word' id='word_1_4' title='bbox 1083 384 1137 443; x_wconf 76' lang='lat' dir='ltr'><strong><em>ea</em></strong></span> 
     </span>
    </p>
   </div>
   <div class='ocr_carea' id='block_1_2' title="bbox 146 496 1148 4100">
    <p class='ocr_par' dir='ltr' id='par_1_2' title="bbox 146 496 1148 2231">
     <span class='ocr_line' id='line_1_2' title="bbox 146 496 1142 599; baseline 0.001 -30"><span class='ocrx_word' id='word_1_5' title='bbox 146 500 298 599; x_wconf 70' lang='lat' dir='ltr'><strong><em>sequium</em></strong></span> <span class='ocrx_word' id='word_1_6' title='bbox 314 497 535 578; x_wconf 74' lang='lat' dir='ltr'><strong><em>accersiunt,</em></strong></span> <span class='ocrx_word' id='word_1_7' title='bbox 555 513 590 567; x_wconf 85' lang='lat' dir='ltr'><strong><em>et</em></strong></span> <span class='ocrx_word' id='word_1_8' title='bbox 607 496 824 571; x_wconf 61' lang='lat' dir='ltr'><strong><em>multiscium</em></strong></span> <span class='ocrx_word' id='word_1_9' title='bbox 837 496 950 567; x_wconf 82' lang='lat' dir='ltr'><strong><em>modis</em></strong></span> <span class='ocrx_word' id='word_1_10' title='bbox 966 511 1142 570; x_wconf 75' lang='lat' dir='ltr'><strong><em>tentantes</em></strong></span> 
     </span>
     <span class='ocr_line' id='line_1_3' title="bbox 146 613 1145 713; baseline 0 -28"><span class='ocrx_word' id='word_1_11' title='bbox 146 644 152 685; x_wconf 81' lang='lat' dir='ltr'><strong><em>i</em></strong></span> <span class='ocrx_word' id='word_1_12' title='bbox 174 628 355 713; x_wconf 78' lang='lat' dir='ltr'><strong><em>pmmuut</em></strong></span> <span class='ocrx_word' id='word_1_13' title='bbox 377 643 385 682; x_wconf 92' lang='lat'>:</span> <span class='ocrx_word' id='word_1_14' title='bbox 412 613 512 683; x_wconf 79' lang='lat' dir='ltr'><strong><em>Ecce</em></strong></span> <span class='ocrx_word' id='word_1_15' title='bbox 529 628 762 713; x_wconf 79' lang='lat' dir='ltr'><strong><em>peroptatum</em></strong></span> <span class='ocrx_word' id='word_1_16' title='bbox 780 629 938 712; x_wconf 81' lang='lat' dir='ltr'><strong><em>tempus,</em></strong></span> <span class='ocrx_word' id='word_1_17' title='bbox 960 641 982 683; x_wconf 95' lang='lat' dir='ltr'><strong><em>o</em></strong></span> <span class='ocrx_word' id='word_1_18' title='bbox 1005 630 1145 691; x_wconf 71' lang='lat' dir='ltr'><strong><em>strenue</em></strong></span> 
     </span>
     <span class='ocr_line' id='line_1_4' title="bbox 163 727 1141 829; baseline 0.003 -30"><span class='ocrx_word' id='word_1_19' title='bbox 163 729 277 805; x_wconf 88' lang='lat' dir='ltr'><strong><em>modo</em></strong></span> <span class='ocrx_word' id='word_1_20' title='bbox 290 727 416 813; x_wconf 73' lang='lat' dir='ltr'><strong><em>uates,</em></strong></span> <span class='ocrx_word' id='word_1_21' title='bbox 436 745 475 798; x_wconf 94' lang='lat' dir='ltr'><strong><em>ut</em></strong></span> <span class='ocrx_word' id='word_1_22' title='bbox 490 727 556 799; x_wconf 88' lang='lat' dir='ltr'><strong><em>tibi</em></strong></span> <span class='ocrx_word' id='word_1_23' title='bbox 571 752 758 829; x_wconf 79' lang='lat' dir='ltr'><strong><em>recuperes</em></strong></span> <span class='ocrx_word' id='word_1_24' title='bbox 774 744 962 829; x_wconf 75' lang='lat' dir='ltr'><strong><em>exemptos</em></strong></span> <span class='ocrx_word' id='word_1_25' title='bbox 976 728 1141 819; x_wconf 68' lang='lat' dir='ltr'><strong><em>homes,</em></strong></span> 
     </span>
     <span class='ocr_line' id='line_1_5' title="bbox 146 843 1141 947; baseline -0.001 -29"><span class='ocrx_word' id='word_1_26' title='bbox 146 848 296 947; x_wconf 64' lang='lat' dir='ltr'><strong><em>’eripias</em></strong></span> <span class='ocrx_word' id='word_1_27' title='bbox 314 847 457 946; x_wconf 76' lang='lat' dir='ltr'><strong><em>injuriis</em></strong></span> <span class='ocrx_word' id='word_1_28' title='bbox 472 844 540 915; x_wconf 89' lang='lat' dir='ltr'><strong><em>tibi</em></strong></span> <span class='ocrx_word' id='word_1_29' title='bbox 556 866 671 944; x_wconf 84' lang='lat' dir='ltr'><strong><em>nuper</em></strong></span> <span class='ocrx_word' id='word_1_30' title='bbox 685 843 799 916; x_wconf 80' lang='lat' dir='ltr'><strong><em>illatis</em></strong></span> <span class='ocrx_word' id='word_1_31' title='bbox 814 843 958 916; x_wconf 81' lang='lat' dir='ltr'><strong><em>debitas</em></strong></span> <span class='ocrx_word' id='word_1_32' title='bbox 975 844 1141 917; x_wconf 84' lang='lat' dir='ltr'><strong><em>tdtiones.</em></strong></span> 
     </span>
     <span class='ocr_line' id='line_1_6' title="bbox 146 959 1144 1061; baseline 0.001 -28"><span class='ocrx_word' id='word_1_33' title='bbox 146 964 286 1061; x_wconf 72' lang='lat' dir='ltr'><strong><em>quiesce</em></strong></span> <span class='ocrx_word' id='word_1_34' title='bbox 310 960 412 1033; x_wconf 89' lang='lat' dir='ltr'><strong><em>nobis</em></strong></span> <span class='ocrx_word' id='word_1_35' title='bbox 433 978 468 1030; x_wconf 88' lang='lat' dir='ltr'><strong><em>et</em></strong></span> <span class='ocrx_word' id='word_1_36' title='bbox 490 959 732 1032; x_wconf 73' lang='lat' dir='ltr'><strong><em>indesinenter</em></strong></span> <span class='ocrx_word' id='word_1_37' title='bbox 755 961 889 1033; x_wconf 70' lang='lat' dir='ltr'><strong><em>intuere</em></strong></span> <span class='ocrx_word' id='word_1_38' title='bbox 901 994 916 1045; x_wconf 90' lang='lat'><em>;</em></span> <span class='ocrx_word' id='word_1_39' title='bbox 942 978 977 1033; x_wconf 90' lang='lat' dir='ltr'><strong><em>et</em></strong></span> <span class='ocrx_word' id='word_1_40' title='bbox 1002 965 1144 1034; x_wconf 81' lang='lat' dir='ltr'><strong><em>tertiam</em></strong></span> 
     </span>
     <span class='ocr_line' id='line_1_7' title="bbox 146 1076 1142 1180; baseline 0.001 -30"><span class='ocrx_word' id='word_1_41' title='bbox 146 1100 214 1150; x_wconf 84' lang='lat' dir='ltr'><strong><em>tem</em></strong></span> <span class='ocrx_word' id='word_1_42' title='bbox 235 1081 385 1177; x_wconf 64' lang='lat' dir='ltr'><strong><em>:trigliee</em></strong></span> <span class='ocrx_word' id='word_1_43' title='bbox 407 1079 596 1151; x_wconf 89' lang='lat' dir='ltr'><strong><em>nobiseum</em></strong></span> <span class='ocrx_word' id='word_1_44' title='bbox 615 1083 692 1150; x_wconf 87' lang='lat' dir='ltr'><strong><em>sine</em></strong></span> <span class='ocrx_word' id='word_1_45' title='bbox 707 1077 821 1152; x_wconf 86' lang='lat' dir='ltr'><strong><em>dubio</em></strong></span> <span class='ocrx_word' id='word_1_46' title='bbox 838 1082 976 1180; x_wconf 79' lang='lat' dir='ltr'><strong><em>poteris</em></strong></span> <span class='ocrx_word' id='word_1_47' title='bbox 999 1076 1142 1153; x_wconf 82' lang='lat' dir='ltr'><strong><em>babere.</em></strong></span> 
     </span>
     <span class='ocr_line' id='line_1_8' title="bbox 146 1197 1148 1298; baseline 0.001 -29"><span class='ocrx_word' id='word_1_48' title='bbox 146 1200 256 1269; x_wconf 70' lang='lat' dir='ltr'><strong><em>&#39;team</em></strong></span> <span class='ocrx_word' id='word_1_49' title='bbox 276 1201 370 1268; x_wconf 90' lang='lat' dir='ltr'><strong><em>enim</em></strong></span> <span class='ocrx_word' id='word_1_50' title='bbox 391 1215 428 1267; x_wconf 92' lang='lat' dir='ltr'><strong><em>at</em></strong></span> <span class='ocrx_word' id='word_1_51' title='bbox 444 1214 558 1268; x_wconf 85' lang='lat' dir='ltr'><strong><em>statas</em></strong></span> <span class='ocrx_word' id='word_1_52' title='bbox 581 1198 682 1294; x_wconf 76' lang='lat' dir='ltr'><strong><em>regni</em></strong></span> <span class='ocrx_word' id='word_1_53' title='bbox 699 1197 867 1269; x_wconf 79' lang='lat' dir='ltr'><strong><em>Albioru&#39;s</em></strong></span> <span class='ocrx_word' id='word_1_54' title='bbox 886 1197 1148 1298; x_wconf 74' lang='lat' dir='ltr'><strong><em>redintegretur</em></strong></span> 
     </span>
     <span class='ocr_line' id='line_1_9' title="bbox 146 1314 1148 1417; baseline 0.003 -32"><span class='ocrx_word' id='word_1_55' title='bbox 146 1316 315 1400; x_wconf 79' lang='lat' dir='ltr'><strong><em>sinendis,</em></strong></span> <span class='ocrx_word' id='word_1_56' title='bbox 334 1318 427 1388; x_wconf 88' lang='lat' dir='ltr'><strong><em>sicut</em></strong></span> <span class='ocrx_word' id='word_1_57' title='bbox 440 1315 524 1386; x_wconf 86' lang='lat' dir='ltr'><strong><em>oiim</em></strong></span> <span class='ocrx_word' id='word_1_58' title='bbox 530 1314 611 1414; x_wconf 74' lang='lat' dir='ltr'><strong><em>juit</em></strong></span> <span class='ocrx_word' id='word_1_59' title='bbox 627 1331 783 1415; x_wconf 76' lang='lat' dir='ltr'><strong><em>tempore</em></strong></span> <span class='ocrx_word' id='word_1_60' title='bbox 801 1316 976 1387; x_wconf 79' lang='lat' dir='ltr'><strong><em>Eduamii</em></strong></span> <span class='ocrx_word' id='word_1_61' title='bbox 987 1320 1148 1417; x_wconf 74' lang='lat' dir='ltr'><strong><em>piissimi</em></strong></span> 
     </span>
     <span class='ocr_line' id='line_1_10' title="bbox 146 1431 1145 1518; baseline 0.002 -15"><span class='ocrx_word' id='word_1_62' title='bbox 146 1434 182 1503; x_wconf 57' lang='lat' dir='ltr'><strong><em>is.</em></strong></span> <span class='ocrx_word' id='word_1_63' title='bbox 201 1431 222 1501; x_wconf 84' lang='lat' dir='ltr'><em>I</em></span> <span class='ocrx_word' id='word_1_64' title='bbox 230 1432 306 1501; x_wconf 77' lang='lat' dir='ltr'><strong><em>&#39;rsus</em></strong></span> <span class='ocrx_word' id='word_1_65' title='bbox 324 1458 371 1502; x_wconf 73' lang='lat' dir='ltr'><strong><em>ee</em></strong></span> <span class='ocrx_word' id='word_1_66' title='bbox 388 1431 492 1502; x_wconf 91' lang='lat' dir='ltr'><strong><em>nobis</em></strong></span> <span class='ocrx_word' id='word_1_67' title='bbox 509 1437 554 1502; x_wconf 90' lang='lat' dir='ltr'><strong><em>sit</em></strong></span> <span class='ocrx_word' id='word_1_68' title='bbox 568 1458 651 1517; x_wconf 77' lang='lat' dir='ltr'><strong><em>rer,</em></strong></span> <span class='ocrx_word' id='word_1_69' title='bbox 668 1449 701 1503; x_wconf 90' lang='lat' dir='ltr'><strong><em>et</em></strong></span> <span class='ocrx_word' id='word_1_70' title='bbox 717 1431 789 1504; x_wconf 81' lang='lat' dir='ltr'><strong><em>duo</em></strong></span> <span class='ocrx_word' id='word_1_71' title='bbox 804 1431 1025 1518; x_wconf 82' lang='lat' dir='ltr'><strong><em>sintdace&#39;s;</em></strong></span> <span class='ocrx_word' id='word_1_72' title='bbox 1042 1451 1077 1505; x_wconf 91' lang='lat' dir='ltr'><strong><em>et</em></strong></span> <span class='ocrx_word' id='word_1_73' title='bbox 1091 1438 1145 1507; x_wconf 88' lang='lat' dir='ltr'><strong><em>sie</em></strong></span> 
     </span>
     <span class='ocr_line' id='line_1_11' title="bbox 146 1547 1147 1647; baseline 0 -28"><span class='ocrx_word' id='word_1_74' title='bbox 146 1552 177 1619; x_wconf 85' lang='lat' dir='ltr'><strong><em>is</em></strong></span> <span class='ocrx_word' id='word_1_75' title='bbox 192 1548 442 1621; x_wconf 82' lang='lat' dir='ltr'><strong><em>tn&#39;basomnes</em></strong></span> <span class='ocrx_word' id='word_1_76' title='bbox 456 1549 609 1647; x_wconf 80' lang='lat' dir='ltr'><strong><em>Angliei</em></strong></span> <span class='ocrx_word' id='word_1_77' title='bbox 618 1548 858 1647; x_wconf 65' lang='lat' dir='ltr'><strong><em>subjicientur</em></strong></span> <span class='ocrx_word' id='word_1_78' title='bbox 867 1547 1027 1621; x_wconf 85' lang='lat' dir='ltr'><strong><em>bonores.</em></strong></span> <span class='ocrx_word' id='word_1_79' title='bbox 1044 1551 1147 1623; x_wconf 83' lang='lat' dir='ltr'><strong><em>Gutt-</em></strong></span> 
     </span>
     <span class='ocr_line' id='line_1_12' title="bbox 146 1666 1146 1768; baseline 0.001 -31"><span class='ocrx_word' id='word_1_80' title='bbox 146 1696 200 1739; x_wconf 76' lang='grc' dir='ltr'><strong><em>ιω</em></strong></span> <span class='ocrx_word' id='word_1_81' title='bbox 212 1672 409 1738; x_wconf 85' lang='lat' dir='ltr'><strong><em>innumeris</em></strong></span> <span class='ocrx_word' id='word_1_82' title='bbox 422 1667 590 1737; x_wconf 77' lang='lat' dir='ltr'><strong><em>beliorum</em></strong></span> <span class='ocrx_word' id='word_1_83' title='bbox 601 1666 825 1765; x_wconf 78' lang='lat' dir='ltr'><strong><em>ponden&#39;bas</em></strong></span> <span class='ocrx_word' id='word_1_84' title='bbox 837 1685 936 1738; x_wconf 86' lang='lat' dir='ltr'><strong><em>trans</em></strong></span> <span class='ocrx_word' id='word_1_85' title='bbox 946 1692 1045 1738; x_wconf 83' lang='lat' dir='ltr'><strong><em>mam</em></strong></span> <span class='ocrx_word' id='word_1_86' title='bbox 1051 1693 1146 1768; x_wconf 83' lang='lat' dir='ltr'><strong><em>pra·-</em></strong></span> 
     </span>
     <span class='ocr_line' id='line_1_13' title="bbox 146 1782 1144 1881; baseline 0.001 -30"><span class='ocrx_word' id='word_1_87' title='bbox 146 1802 249 1853; x_wconf 74' lang='lat' dir='ltr'><strong><em>eotas</em></strong></span> <span class='ocrx_word' id='word_1_88' title='bbox 265 1801 341 1865; x_wconf 85' lang='lat' dir='ltr'><strong><em>est,</em></strong></span> <span class='ocrx_word' id='word_1_89' title='bbox 370 1803 403 1853; x_wconf 86' lang='lat' dir='ltr'><strong><em>et</em></strong></span> <span class='ocrx_word' id='word_1_90' title='bbox 421 1810 489 1881; x_wconf 90' lang='lat' dir='ltr'><strong><em>pra</em></strong></span> <span class='ocrx_word' id='word_1_91' title='bbox 516 1801 611 1854; x_wconf 89' lang='lat' dir='ltr'><strong><em>certo</em></strong></span> <span class='ocrx_word' id='word_1_92' title='bbox 629 1787 760 1855; x_wconf 80' lang='lat' dir='ltr'><strong><em>scimus</em></strong></span> <span class='ocrx_word' id='word_1_93' title='bbox 783 1782 884 1880; x_wconf 86' lang='lat' dir='ltr'><strong><em>quod</em></strong></span> <span class='ocrx_word' id='word_1_94' title='bbox 905 1787 942 1853; x_wconf 88' lang='lat' dir='ltr'><strong><em>in</em></strong></span> <span class='ocrx_word' id='word_1_95' title='bbox 966 1783 1144 1878; x_wconf 76' lang='lat' dir='ltr'><strong><em>Angliam</em></strong></span> 
     </span>
     <span class='ocr_line' id='line_1_14' title="bbox 146 1898 1145 1997; baseline -0.001 -28"><span class='ocrx_word' id='word_1_96' title='bbox 146 1902 223 1969; x_wconf 85' lang='lat' dir='ltr'><strong><em>rius</em></strong></span> <span class='ocrx_word' id='word_1_97' title='bbox 242 1898 423 1970; x_wconf 86' lang='lat' dir='ltr'><strong><em>rediturus</em></strong></span> <span class='ocrx_word' id='word_1_98' title='bbox 441 1926 512 1970; x_wconf 92' lang='lat' dir='ltr'><strong><em>non</em></strong></span> <span class='ocrx_word' id='word_1_99' title='bbox 528 1914 592 1971; x_wconf 89' lang='lat' dir='ltr'><strong><em>est.</em></strong></span> <span class='ocrx_word' id='word_1_100' title='bbox 612 1899 686 1997; x_wconf 86' lang='lat' dir='ltr'><strong><em>Eja</em></strong></span> <span class='ocrx_word' id='word_1_101' title='bbox 704 1899 837 1969; x_wconf 81' lang='lat' dir='ltr'><strong><em>nobilis</em></strong></span> <span class='ocrx_word' id='word_1_102' title='bbox 853 1899 979 1983; x_wconf 63' lang='lat' dir='ltr'><strong><em>beros}</em></strong></span> <span class='ocrx_word' id='word_1_103' title='bbox 996 1900 1145 1971; x_wconf 83' lang='lat' dir='ltr'><strong><em>consui·</em></strong></span> 
     </span>
     <span class='ocr_line' id='line_1_15' title="bbox 146 2015 1146 2112; baseline -0.001 -26"><span class='ocrx_word' id='word_1_104' title='bbox 146 2015 301 2087; x_wconf 71' lang='lat' dir='ltr'><strong><em>ohsenu</em></strong></span> <span class='ocrx_word' id='word_1_105' title='bbox 319 2015 382 2085; x_wconf 91' lang='lat' dir='ltr'><strong><em>tibi</em></strong></span> <span class='ocrx_word' id='word_1_106' title='bbox 399 2017 590 2112; x_wconf 78' lang='lat' dir='ltr'><strong><em>generique</em></strong></span> <span class='ocrx_word' id='word_1_107' title='bbox 611 2033 669 2085; x_wconf 92' lang='lat' dir='ltr'><strong><em>tao</em></strong></span> <span class='ocrx_word' id='word_1_108' title='bbox 686 2015 1015 2100; x_wconf 66' lang='lat' dir='ltr'><strong><em>commissimus,</em></strong></span> <span class='ocrx_word' id='word_1_109' title='bbox 1038 2020 1146 2085; x_wconf 80' lang='lat' dir='ltr'><strong><em>‹mmi-</em></strong></span> 
     </span>
     <span class='ocr_line' id='line_1_16' title="bbox 156 2133 1006 2231; baseline -0.004 -27"><span class='ocrx_word' id='word_1_110' title='bbox 156 2135 373 2231; x_wconf 71' lang='lat' dir='ltr'><strong><em>gentiam,</em></strong></span> <span class='ocrx_word' id='word_1_111' title='bbox 390 2159 472 2230; x_wconf 80' lang='lat' dir='ltr'><strong><em>qua</em></strong></span> <span class='ocrx_word' id='word_1_112' title='bbox 486 2148 674 2227; x_wconf 85' lang='lat' dir='ltr'><strong><em>prostrato</em></strong></span> <span class='ocrx_word' id='word_1_113' title='bbox 691 2148 766 2218; x_wconf 86' lang='lat' dir='ltr'><strong><em>est,</em></strong></span> <span class='ocrx_word' id='word_1_114' title='bbox 786 2133 1006 2229; x_wconf 72' lang='lat' dir='ltr'><strong><em>salutiferos.</em></strong></span> 
     </span>
    </p>

    <p class='ocr_par' dir='ltr' id='par_1_3' title="bbox 146 2248 1148 4100">
     <span class='ocr_line' id='line_1_17' title="bbox 146 2248 1145 2347; baseline -0.001 -30"><span class='ocrx_word' id='word_1_115' title='bbox 146 2248 313 2321; x_wconf 61' lang='lat' dir='ltr'><strong><em>Uelleius</em></strong></span> <span class='ocrx_word' id='word_1_116' title='bbox 335 2248 519 2347; x_wconf 80' lang='lat' dir='ltr'><strong><em>respondit</em></strong></span> <span class='ocrx_word' id='word_1_117' title='bbox 541 2279 549 2317; x_wconf 75' lang='grc' dir='ltr'><strong><em>ε</em></strong></span> <span class='ocrx_word' id='word_1_118' title='bbox 573 2250 747 2320; x_wconf 78' lang='lat' dir='ltr'><strong><em>Mam‘mu</em></strong></span> <span class='ocrx_word' id='word_1_119' title='bbox 773 2251 811 2319; x_wconf 91' lang='lat' dir='ltr'><strong><em>in</em></strong></span> <span class='ocrx_word' id='word_1_120' title='bbox 837 2248 971 2320; x_wconf 86' lang='lat' dir='ltr'><strong><em>talibus</em></strong></span> <span class='ocrx_word' id='word_1_121' title='bbox 994 2252 1145 2345; x_wconf 75' lang='lat' dir='ltr'><strong><em>negotiis</em></strong></span> 
     </span>
     <span class='ocr_line' id='line_1_18' title="bbox 146 2364 1144 2465; baseline -0.003 -27"><span class='ocrx_word' id='word_1_122' title='bbox 146 2367 221 2438; x_wconf 83' lang='lat' dir='ltr'><strong><em>teia</em></strong></span> <span class='ocrx_word' id='word_1_123' title='bbox 242 2368 451 2437; x_wconf 84' lang='lat' dir='ltr'><strong><em>necessario</em></strong></span> <span class='ocrx_word' id='word_1_124' title='bbox 476 2382 547 2450; x_wconf 91' lang='lat' dir='ltr'><strong><em>est,</em></strong></span> <span class='ocrx_word' id='word_1_125' title='bbox 573 2382 606 2434; x_wconf 87' lang='lat' dir='ltr'><strong><em>et</em></strong></span> <span class='ocrx_word' id='word_1_126' title='bbox 633 2367 774 2465; x_wconf 77' lang='lat' dir='ltr'><strong><em>integra</em></strong></span> <span class='ocrx_word' id='word_1_127' title='bbox 795 2364 897 2462; x_wconf 86' lang='lat' dir='ltr'><strong><em>fides</em></strong></span> <span class='ocrx_word' id='word_1_128' title='bbox 918 2370 956 2438; x_wconf 90' lang='lat' dir='ltr'><strong><em>in</em></strong></span> <span class='ocrx_word' id='word_1_129' title='bbox 975 2365 1144 2436; x_wconf 82' lang='lat' dir='ltr'><strong><em>manibus</em></strong></span> 
     </span>
     <span class='ocr_line' id='line_1_19' title="bbox 146 2480 1142 2554; baseline -0.001 -1"><span class='ocrx_word' id='word_1_130' title='bbox 146 2482 244 2553; x_wconf 86' lang='lat' dir='ltr'><strong><em>tibus</em></strong></span> <span class='ocrx_word' id='word_1_131' title='bbox 269 2481 318 2553; x_wconf 87' lang='lat' dir='ltr'><strong><em>ob</em></strong></span> <span class='ocrx_word' id='word_1_132' title='bbox 338 2486 439 2553; x_wconf 80' lang='lat' dir='ltr'><strong><em>ornru</em></strong></span> <span class='ocrx_word' id='word_1_133' title='bbox 457 2480 597 2552; x_wconf 87' lang='lat' dir='ltr'><strong><em>bomine</em></strong></span> <span class='ocrx_word' id='word_1_134' title='bbox 618 2482 767 2554; x_wconf 79' lang='lat' dir='ltr'><strong><em>doniino</em></strong></span> <span class='ocrx_word' id='word_1_135' title='bbox 790 2509 855 2553; x_wconf 89' lang='lat' dir='ltr'><strong><em>sao</em></strong></span> <span class='ocrx_word' id='word_1_136' title='bbox 874 2482 1054 2553; x_wconf 81' lang='lat' dir='ltr'><strong><em>servanda</em></strong></span> <span class='ocrx_word' id='word_1_137' title='bbox 1077 2501 1142 2554; x_wconf 91' lang='lat' dir='ltr'><strong><em>est.</em></strong></span> 
     </span>
     <span class='ocr_line' id='line_1_20' title="bbox 149 2598 1148 2695; baseline 0.002 -28"><span class='ocrx_word' id='word_1_138' title='bbox 149 2598 294 2671; x_wconf 85' lang='lat' dir='ltr'><strong><em>iieimus</em></strong></span> <span class='ocrx_word' id='word_1_139' title='bbox 310 2624 375 2668; x_wconf 73' lang='lat' dir='ltr'><strong><em>ree</em></strong></span> <span class='ocrx_word' id='word_1_140' title='bbox 388 2598 500 2690; x_wconf 79' lang='lat' dir='ltr'><strong><em>fidem</em></strong></span> <span class='ocrx_word' id='word_1_141' title='bbox 518 2623 652 2676; x_wconf 79' lang='lat' dir='ltr'><strong><em>oseam,</em></strong></span> <span class='ocrx_word' id='word_1_142' title='bbox 673 2614 711 2667; x_wconf 89' lang='lat' dir='ltr'><strong><em>ut</em></strong></span> <span class='ocrx_word' id='word_1_143' title='bbox 728 2599 891 2695; x_wconf 83' lang='lat' dir='ltr'><strong><em>majora</em></strong></span> <span class='ocrx_word' id='word_1_144' title='bbox 902 2600 1036 2669; x_wconf 90' lang='lat' dir='ltr'><strong><em>minori</em></strong></span> <span class='ocrx_word' id='word_1_145' title='bbox 1046 2654 1054 2679; x_wconf 87' lang='lat'><em>,</em></span> <span class='ocrx_word' id='word_1_146' title='bbox 1060 2603 1148 2693; x_wconf 85' lang='lat' dir='ltr'><strong><em>jure</em></strong></span> 
     </span>
     <span class='ocr_line' id='line_1_21' title="bbox 146 2713 1148 2815; baseline 0 -30"><span class='ocrx_word' id='word_1_147' title='bbox 146 2720 210 2813; x_wconf 73' lang='lat' dir='ltr'><strong><em>pte</em></strong></span> <span class='ocrx_word' id='word_1_148' title='bbox 216 2773 229 2803; x_wconf 89' lang='lat'><em>,</em></span> <span class='ocrx_word' id='word_1_149' title='bbox 246 2742 294 2786; x_wconf 86' lang='lat' dir='ltr'><strong><em>ac</em></strong></span> <span class='ocrx_word' id='word_1_150' title='bbox 310 2732 347 2783; x_wconf 92' lang='lat' dir='ltr'><strong><em>at</em></strong></span> <span class='ocrx_word' id='word_1_151' title='bbox 361 2719 398 2785; x_wconf 89' lang='lat' dir='ltr'><strong><em>ei</em></strong></span> <span class='ocrx_word' id='word_1_152' title='bbox 410 2740 550 2815; x_wconf 80' lang='lat' dir='ltr'><strong><em>semper</em></strong></span> <span class='ocrx_word' id='word_1_153' title='bbox 556 2713 681 2801; x_wconf 70' lang='lat' dir='ltr'><strong><em>tidelis</em></strong></span> <span class='ocrx_word' id='word_1_154' title='bbox 692 2718 880 2787; x_wconf 67' lang='lat' dir='ltr'><strong><em>existerem</em></strong></span> <span class='ocrx_word' id='word_1_155' title='bbox 888 2771 900 2801; x_wconf 90' lang='lat'><em>,</em></span> <span class='ocrx_word' id='word_1_156' title='bbox 915 2720 953 2784; x_wconf 84' lang='lat' dir='ltr'><strong><em>ia</em></strong></span> <span class='ocrx_word' id='word_1_157' title='bbox 966 2719 1148 2787; x_wconf 85' lang='lat' dir='ltr'><strong><em>taatrimo-</em></strong></span> 
     </span>
     <span class='ocr_line' id='line_1_22' title="bbox 146 2830 1148 2932; baseline -0.001 -29"><span class='ocrx_word' id='word_1_158' title='bbox 146 2858 176 2903; x_wconf 79' lang='lat' dir='ltr'><strong><em>m</em></strong></span> <span class='ocrx_word' id='word_1_159' title='bbox 194 2830 285 2903; x_wconf 86' lang='lat' dir='ltr'><strong><em>mibi</em></strong></span> <span class='ocrx_word' id='word_1_160' title='bbox 303 2848 443 2930; x_wconf 83' lang='lat' dir='ltr'><strong><em>neptem</em></strong></span> <span class='ocrx_word' id='word_1_161' title='bbox 470 2856 574 2901; x_wconf 76' lang='lat' dir='ltr'><strong><em>naim</em></strong></span> <span class='ocrx_word' id='word_1_162' title='bbox 594 2831 788 2929; x_wconf 76' lang='lat' dir='ltr'><strong><em>copulavit.</em></strong></span> <span class='ocrx_word' id='word_1_163' title='bbox 813 2831 1040 2931; x_wconf 73' lang='lat' dir='ltr'><strong><em>lmcupletem</em></strong></span> <span class='ocrx_word' id='word_1_164' title='bbox 1063 2861 1148 2932; x_wconf 90' lang='lat' dir='ltr'><strong><em>qao-</em></strong></span> 
     </span>
     <span class='ocr_line' id='line_1_23' title="bbox 158 2948 1145 3041; baseline -0.004 -18"><span class='ocrx_word' id='word_1_165' title='bbox 158 2954 372 3023; x_wconf 82' lang='lat' dir='ltr'><strong><em>comitatam</em></strong></span> <span class='ocrx_word' id='word_1_166' title='bbox 393 2948 482 3018; x_wconf 83' lang='lat' dir='ltr'><strong><em>mibi</em></strong></span> <span class='ocrx_word' id='word_1_167' title='bbox 497 2949 662 3035; x_wconf 78' lang='lat' dir='ltr'><strong><em>donauit,</em></strong></span> <span class='ocrx_word' id='word_1_168' title='bbox 682 2964 715 3018; x_wconf 91' lang='lat' dir='ltr'><strong><em>et</em></strong></span> <span class='ocrx_word' id='word_1_169' title='bbox 733 2951 824 3018; x_wconf 89' lang='lat' dir='ltr'><strong><em>inter</em></strong></span> <span class='ocrx_word' id='word_1_170' title='bbox 838 2974 924 3019; x_wconf 89' lang='lat' dir='ltr'><strong><em>suos</em></strong></span> <span class='ocrx_word' id='word_1_171' title='bbox 931 2950 1145 3041; x_wconf 69' lang='lat' dir='ltr'><strong><em>familiares</em></strong></span> 
     </span>
     <span class='ocr_line' id='line_1_24' title="bbox 146 3066 1146 3164; baseline 0.001 -27"><span class='ocrx_word' id='word_1_172' title='bbox 146 3070 243 3138; x_wconf 66' lang='lat' dir='ltr'><strong><em>visas</em></strong></span> <span class='ocrx_word' id='word_1_173' title='bbox 260 3068 541 3136; x_wconf 78' lang='lat' dir='ltr'><strong><em>eonriamcrtwit.</em></strong></span> <span class='ocrx_word' id='word_1_174' title='bbox 567 3066 615 3134; x_wconf 76' lang='lat' dir='ltr'><strong><em>iit</em></strong></span> <span class='ocrx_word' id='word_1_175' title='bbox 631 3081 731 3135; x_wconf 87' lang='lat' dir='ltr'><strong><em>tanto</em></strong></span> <span class='ocrx_word' id='word_1_176' title='bbox 746 3067 908 3164; x_wconf 86' lang='lat' dir='ltr'><strong><em>principi</em></strong></span> <span class='ocrx_word' id='word_1_177' title='bbox 918 3066 1076 3163; x_wconf 79' lang='lat' dir='ltr'><strong><em>qualiter</em></strong></span> <span class='ocrx_word' id='word_1_178' title='bbox 1088 3069 1146 3138; x_wconf 91' lang='lat' dir='ltr'><strong><em>in·</em></strong></span> 
     </span>
     <span class='ocr_line' id='line_1_25' title="bbox 146 3183 1145 3281; baseline -0.005 -24"><span class='ocrx_word' id='word_1_179' title='bbox 146 3212 171 3257; x_wconf 79' lang='lat' dir='ltr'><strong><em>ts</em></strong></span> <span class='ocrx_word' id='word_1_180' title='bbox 197 3209 277 3254; x_wconf 84' lang='lat' dir='ltr'><strong><em>esse</em></strong></span> <span class='ocrx_word' id='word_1_181' title='bbox 298 3208 450 3279; x_wconf 87' lang='lat' dir='ltr'><strong><em>queam,</em></strong></span> <span class='ocrx_word' id='word_1_182' title='bbox 478 3184 548 3252; x_wconf 88' lang='lat' dir='ltr'><strong><em>nisi</em></strong></span> <span class='ocrx_word' id='word_1_183' title='bbox 566 3185 711 3281; x_wconf 86' lang='lat' dir='ltr'><strong><em>penitus</em></strong></span> <span class='ocrx_word' id='word_1_184' title='bbox 732 3183 878 3250; x_wconf 73' lang='lat' dir='ltr'><strong><em>na’ritiri</em></strong></span> <span class='ocrx_word' id='word_1_185' title='bbox 902 3183 1011 3252; x_wconf 82' lang='lat' dir='ltr'><strong><em>veiim</em></strong></span> <span class='ocrx_word' id='word_1_186' title='bbox 1026 3183 1145 3281; x_wconf 75' lang='lat' dir='ltr'><strong><em>sidem</em></strong></span> 
     </span>
     <span class='ocr_line' id='line_1_26' title="bbox 146 3296 1145 3395; baseline -0.004 -23"><span class='ocrx_word' id='word_1_187' title='bbox 146 3300 228 3372; x_wconf 79' lang='lat' dir='ltr'><strong><em>im?</em></strong></span> <span class='ocrx_word' id='word_1_188' title='bbox 248 3299 291 3368; x_wconf 94' lang='lat' dir='ltr'><strong><em>ln</em></strong></span> <span class='ocrx_word' id='word_1_189' title='bbox 309 3299 432 3369; x_wconf 74' lang='lat' dir='ltr'><strong><em>cerritis</em></strong></span> <span class='ocrx_word' id='word_1_190' title='bbox 452 3314 559 3368; x_wconf 90' lang='lat' dir='ltr'><strong><em>notus</em></strong></span> <span class='ocrx_word' id='word_1_191' title='bbox 577 3322 656 3367; x_wconf 89' lang='lat' dir='ltr'><strong><em>sum</em></strong></span> <span class='ocrx_word' id='word_1_192' title='bbox 673 3296 899 3392; x_wconf 78' lang='lat' dir='ltr'><strong><em>regionibus,</em></strong></span> <span class='ocrx_word' id='word_1_193' title='bbox 918 3314 952 3366; x_wconf 92' lang='lat' dir='ltr'><strong><em>et</em></strong></span> <span class='ocrx_word' id='word_1_194' title='bbox 972 3324 1145 3395; x_wconf 74' lang='lat' dir='ltr'><strong><em>riatgnum</em></strong></span> 
     </span>
     <span class='ocr_line' id='line_1_27' title="bbox 146 3411 1148 3514; baseline -0.001 -28"><span class='ocrx_word' id='word_1_195' title='bbox 146 3415 191 3485; x_wconf 68' lang='lat' dir='ltr'><strong><em>nt</em></strong></span> <span class='ocrx_word' id='word_1_196' title='bbox 208 3415 326 3508; x_wconf 71' lang='lat' dir='ltr'><strong><em>absit)</em></strong></span> <span class='ocrx_word' id='word_1_197' title='bbox 333 3414 404 3511; x_wconf 76' lang='lat' dir='ltr'><strong><em>fiet</em></strong></span> <span class='ocrx_word' id='word_1_198' title='bbox 421 3413 600 3498; x_wconf 66' lang='lat' dir='ltr'><strong><em>dubecas,</em></strong></span> <span class='ocrx_word' id='word_1_199' title='bbox 620 3415 654 3483; x_wconf 91' lang='lat' dir='ltr'><strong><em>si</em></strong></span> <span class='ocrx_word' id='word_1_200' title='bbox 664 3412 812 3513; x_wconf 80' lang='lat' dir='ltr'><strong><em>publice</em></strong></span> <span class='ocrx_word' id='word_1_201' title='bbox 828 3411 994 3508; x_wconf 74' lang='lat' dir='ltr'><strong><em>dt&#39;v&#39;uiger</em></strong></span> <span class='ocrx_word' id='word_1_202' title='bbox 1008 3431 1046 3484; x_wconf 91' lang='lat' dir='ltr'><strong><em>ut</em></strong></span> <span class='ocrx_word' id='word_1_203' title='bbox 1060 3441 1148 3514; x_wconf 89' lang='lat' dir='ltr'><strong><em>pno-</em></strong></span> 
     </span>
     <span class='ocr_line' id='line_1_28' title="bbox 146 3526 1146 3629; baseline 0.001 -28"><span class='ocrx_word' id='word_1_204' title='bbox 146 3558 178 3601; x_wconf 75' lang='lat' dir='ltr'><strong><em>ir</em></strong></span> <span class='ocrx_word' id='word_1_205' title='bbox 196 3531 412 3629; x_wconf 73' lang='lat' dir='ltr'><strong><em>sacrilegus.</em></strong></span> <span class='ocrx_word' id='word_1_206' title='bbox 435 3531 631 3628; x_wconf 75' lang='lat' dir='ltr'><strong><em>Nusquam</em></strong></span> <span class='ocrx_word' id='word_1_207' title='bbox 656 3528 703 3599; x_wconf 85' lang='lat' dir='ltr'><strong><em>de</em></strong></span> <span class='ocrx_word' id='word_1_208' title='bbox 731 3526 905 3599; x_wconf 82' lang='lat' dir='ltr'><strong><em>traditum</em></strong></span> <span class='ocrx_word' id='word_1_209' title='bbox 928 3528 1024 3600; x_wconf 89' lang='lat' dir='ltr'><strong><em>bona</em></strong></span> <span class='ocrx_word' id='word_1_210' title='bbox 1052 3556 1146 3602; x_wconf 85' lang='lat' dir='ltr'><strong><em>can-</em></strong></span> 
     </span>
     <span class='ocr_line' id='line_1_29' title="bbox 146 3648 1145 3749; baseline -0.001 -28"><span class='ocrx_word' id='word_1_211' title='bbox 146 3666 289 3721; x_wconf 64' lang='lat' dir='ltr'><strong><em>santota</em></strong></span> <span class='ocrx_word' id='word_1_212' title='bbox 300 3667 364 3720; x_wconf 89' lang='lat' dir='ltr'><strong><em>est.</em></strong></span> <span class='ocrx_word' id='word_1_213' title='bbox 381 3648 513 3719; x_wconf 83' lang='lat' dir='ltr'><strong><em>Omnes</em></strong></span> <span class='ocrx_word' id='word_1_214' title='bbox 522 3664 647 3747; x_wconf 84' lang='lat' dir='ltr'><strong><em>gentes</em></strong></span> <span class='ocrx_word' id='word_1_215' title='bbox 660 3662 866 3749; x_wconf 88' lang='lat' dir='ltr'><strong><em>apostatum</em></strong></span> <span class='ocrx_word' id='word_1_216' title='bbox 880 3663 913 3717; x_wconf 91' lang='lat' dir='ltr'><strong><em>et</em></strong></span> <span class='ocrx_word' id='word_1_217' title='bbox 923 3648 1145 3748; x_wconf 83' lang='lat' dir='ltr'><strong><em>proditorem</em></strong></span> 
     </span>
     <span class='ocr_line' id='line_1_30' title="bbox 146 3764 1148 3867; baseline 0 -28"><span class='ocrx_word' id='word_1_218' title='bbox 146 3786 173 3839; x_wconf 83' lang='lat' dir='ltr'><strong><em>st</em></strong></span> <span class='ocrx_word' id='word_1_219' title='bbox 190 3767 316 3866; x_wconf 76' lang='lat' dir='ltr'><strong><em>lupam</em></strong></span> <span class='ocrx_word' id='word_1_220' title='bbox 336 3767 578 3853; x_wconf 86' lang='lat' dir='ltr'><strong><em>maledicant,</em></strong></span> <span class='ocrx_word' id='word_1_221' title='bbox 601 3782 635 3837; x_wconf 89' lang='lat' dir='ltr'><strong><em>et</em></strong></span> <span class='ocrx_word' id='word_1_222' title='bbox 656 3764 851 3863; x_wconf 82' lang='lat' dir='ltr'><strong><em>suspendio</em></strong></span> <span class='ocrx_word' id='word_1_223' title='bbox 868 3766 1019 3867; x_wconf 70' lang='lat' dir='ltr'><strong><em>dignum</em></strong></span> <span class='ocrx_word' id='word_1_224' title='bbox 1036 3767 1148 3865; x_wconf 87' lang='lat' dir='ltr'><strong><em>judi-</em></strong></span> 
     </span>
     <span class='ocr_line' id='line_1_31' title="bbox 146 3860 1146 3983; baseline 0.004 -32"><span class='ocrx_word' id='word_1_225' title='bbox 146 3900 215 3952; x_wconf 77' lang='lat' dir='ltr'><strong><em>ttet</em></strong></span> <span class='ocrx_word' id='word_1_226' title='bbox 233 3886 443 3983; x_wconf 84' lang='lat' dir='ltr'><strong><em>opprimant</em></strong></span> <span class='ocrx_word' id='word_1_227' title='bbox 455 3916 466 3959; x_wconf 83' lang='lat'><strong><em>.·</em></strong></span> <span class='ocrx_word' id='word_1_228' title='bbox 486 3900 518 3952; x_wconf 89' lang='lat' dir='ltr'><strong><em>et</em></strong></span> <span class='ocrx_word' id='word_1_229' title='bbox 537 3887 567 3951; x_wconf 90' lang='lat' dir='ltr'><strong><em>si</em></strong></span> <span class='ocrx_word' id='word_1_230' title='bbox 570 3883 657 3978; x_wconf 73' lang='lat' dir='ltr'><strong><em>jors</em></strong></span> <span class='ocrx_word' id='word_1_231' title='bbox 675 3897 744 3970; x_wconf 85' lang='lat' dir='ltr'><strong><em>est,</em></strong></span> <span class='ocrx_word' id='word_1_232' title='bbox 758 3860 924 3982; x_wconf 79' lang='lat' dir='ltr'><strong><em>patibiiio</em></strong></span> <span class='ocrx_word' id='word_1_233' title='bbox 939 3908 1021 3952; x_wconf 87' lang='lat' dir='ltr'><strong><em>cam</em></strong></span> <span class='ocrx_word' id='word_1_234' title='bbox 1032 3882 1146 3955; x_wconf 69' lang='lat' dir='ltr'><strong><em>‹teck-</em></strong></span> 
     </span>
     <span class='ocr_line' id='line_1_32' title="bbox 146 3996 1142 4100; baseline 0.001 -32"><span class='ocrx_word' id='word_1_235' title='bbox 146 4024 183 4081; x_wconf 89' lang='lat' dir='ltr'><strong><em>e,</em></strong></span> <span class='ocrx_word' id='word_1_236' title='bbox 200 3999 393 4097; x_wconf 77' lang='lat' dir='ltr'><strong><em>arisitisque</em></strong></span> <span class='ocrx_word' id='word_1_237' title='bbox 407 3998 550 4100; x_wconf 81' lang='lat' dir='ltr'><strong><em>probris</em></strong></span> <span class='ocrx_word' id='word_1_238' title='bbox 565 3998 729 4095; x_wconf 79' lang='lat' dir='ltr'><strong><em>offigemt.</em></strong></span> <span class='ocrx_word' id='word_1_239' title='bbox 751 3996 970 4098; x_wconf 80' lang='lat' dir='ltr'><strong><em>Aciiitopbel</em></strong></span> <span class='ocrx_word' id='word_1_240' title='bbox 981 4015 1015 4069; x_wconf 90' lang='lat' dir='ltr'><strong><em>et</em></strong></span> <span class='ocrx_word' id='word_1_241' title='bbox 1027 4000 1142 4072; x_wconf 65' lang='lat' dir='ltr'><strong><em>Isidos</em></strong></span> 
     </span>
    </p>
   </div>
   <div class='ocr_carea' id='block_1_3' title="bbox 146 4115 1147 4216">
    <p class='ocr_par' dir='ltr' id='par_1_4' title="bbox 146 4115 1147 4216">
     <span class='ocr_line' id='line_1_33' title="bbox 146 4115 1147 4216; baseline 0.003 -34"><span class='ocrx_word' id='word_1_242' title='bbox 146 4115 288 4184; x_wconf 85' lang='lat' dir='ltr'><strong><em>ditionis</em></strong></span> <span class='ocrx_word' id='word_1_243' title='bbox 310 4115 424 4185; x_wconf 78' lang='lat' dir='ltr'><strong><em>seclus</em></strong></span> <span class='ocrx_word' id='word_1_244' title='bbox 445 4119 645 4186; x_wconf 70' lang='lat' dir='ltr'><strong><em>numismati</em></strong></span> <span class='ocrx_word' id='word_1_245' title='bbox 658 4131 758 4199; x_wconf 89' lang='lat' dir='ltr'><strong><em>sant,</em></strong></span> <span class='ocrx_word' id='word_1_246' title='bbox 777 4117 932 4215; x_wconf 89' lang='lat' dir='ltr'><strong><em>parique</em></strong></span> <span class='ocrx_word' id='word_1_247' title='bbox 945 4121 1147 4216; x_wconf 88' lang='lat' dir='ltr'><strong><em>suspensio·</em></strong></span> 
     </span>
    </p>
   </div>
   <div class='ocr_carea' id='block_1_4' title="bbox 0 0 1400 5084">
    <p class='ocr_par' dir='ltr' id='par_1_5' title="bbox 0 0 1400 5084">
     <span class='ocr_line' id='line_1_34' title="bbox 0 0 1400 5084; baseline 0 0"><span class='ocrx_word' id='word_1_248' title='bbox 0 0 1400 5084; x_wconf 95' lang='lat' dir='ltr'><strong><em> </em></strong></span> 
     </span>
    </p>
   </div>
  </div>
 </body>
</html>
