2768 5094
266 391 327 452 232
540 388 723 450 HISTORIA
745 389 1054 461 Bccuosttsttctt.
1130 396 1334 475 [toto-tots}

266 538 360 612 ques
384 512 530 584 Crassus
553 528 588 583 et
613 512 899 614 Sunlanopalus
918 516 1028 587 nimis
1044 532 1289 603 amaverunt,
1308 536 1335 589 a

261 629 496 732 postmodnm
522 633 650 701 nrisere
668 646 859 729 pereuntes
880 628 1044 703 nostibus
1064 633 1146 703 suis
1171 632 1335 705 deseme-

265 764 361 819 runt.
382 745 546 819 Christus
563 747 660 817 enim
669 762 804 845 pastor
822 744 937 819 bonus
952 770 1014 819 ece
1029 745 1210 821 divitibus
1234 746 1334 847 bajus

264 863 396 936 mnndi
411 868 585 952 minatur,
609 864 675 962 qni
689 863 936 965 voluptatibus
956 864 1064 937 oanis
1087 880 1124 936 et
1146 866 1333 963 supeylu's

264 982 322 1054 lrie
326 978 577 1083 perfruuntur.
591 980 822 1081 Pauperibus
831 1006 918 1053 vero
927 981 1058 1081 spiritu
1065 978 1335 1081 promittitben

265 1098 455 1171 titudinem
470 1100 509 1169 in
521 1123 633 1198 regno
646 1097 839 1183 coelorum,·
852 1124 963 1197 quum
975 1090 1080 1171 abbis
1091 1097 1158 1171 det
1170 1102 1269 1202 ipsse,
1280 1102 1335 1199 qui

264 1218 352 1289 civit
363 1233 398 1288 et
412 1231 542 1316 regnat
551 1240 621 1317 per
632 1216 758 1288 omniu
772 1214 914 1289 seacula
928 1214 1164 1291 soecubmm.
1183 1208 1313 1291 Am

314 1332 519 1405 Admiratus
535 1357 597 1405 rex
617 1357 699 1403 cum
718 1330 929 1430 proceribus
945 1332 1017 1406 suis
1039 1332 1194 1433 insignis
1213 1358 1334 1409 mona·

264 1451 322 1521 chi
335 1451 589 1535 constantiam,
603 1447 753 1547 supplex
762 1474 803 1521 ac
814 1448 965 1525 devotus
975 1448 1156 1565 impendit
1167 1450 1201 1525 ei
1216 1448 1335 1525 dm

267 1582 338 1639 tem
365 1565 619 1650 reverentiam,
650 1580 688 1637 et
713 1579 962 1664 competenter
989 1564 1216 1643 honoratum
1236 1566 1335 1669 jussit

265 1708 347 1755 eum
367 1706 527 1754 remeare
545 1680 583 1752 in
600 1678 827 1772 Neustriam,
848 1676 1066 1783 ibiqtle‘quo
1089 1680 1223 1771 vellet,
1240 1704 1334 1755 sum

264 1798 465 1898 praestolari
494 1798 736 1897 praesentiam.
767 1797 945 1871 Auffltum
970 1798 1024 1873 eit
1052 1799 1209 1899 patim,
1238 1814 1335 1901 post·

264 1944 374 2017 quam
390 1916 637 1989 Guitmundus
660 1916 703 1987 ad
720 1932 818 2014 septa
839 1918 1049 1992 monasterii
1071 1902 1125 1990 soi
1142 1918 1332 2002 remeavit,

264 2032 362 2135 quod
387 2034 461 2131 ipse
485 2030 727 2106 monachilem
752 2030 960 2130 pauperiem
985 2031 1120 2105 divitiis
1145 2032 1335 2133 episcopo·

265 2175 347 2221 rum
364 2150 620 2248 praeposuerit,
641 2162 678 2221 et
697 2147 796 2247 quod
814 2147 1008 2221 obtentum
1031 2148 1172 2249 Augtiae
1195 2150 1236 2239 in
1259 2176 1335 2249 pne·

265 2268 377 2340 sentia
402 2266 496 2363 regis
513 2283 549 2338 et
570 2265 787 2363 optimatum
806 2267 880 2362 ejus
897 2254 1061 2365 rapinam
1081 2266 1333 2367 appellaverit,

265 2398 302 2455 et
329 2380 429 2481 quod
455 2405 581 2454 omnes
612 2381 797 2479 episcopos
825 2380 881 2453 vel
916 2378 1078 2469 abbates,
1109 2382 1175 2483 qui
1206 2380 1335 2455 nolen-

266 2498 363 2571 tibus
382 2497 507 2597 Anglis
525 2498 561 2568 in
588 2498 743 2570 ecclesiis
763 2496 903 2597 Angliae
926 2498 1064 2599 praelati
1094 2516 1203 2587 sunt,
1231 2526 1334 2599 npe-

266 2618 383 2689 citatis
412 2614 647 2715 redarguerit.
676 2612 794 2687 Verba
826 2616 937 2715 igitur
970 2618 1045 2715 ejus
1073 2642 1139 2715 per
1168 2616 1336 2719 Angliam

266 2734 338 2807 late
371 2732 551 2829 divulgata
584 2746 694 2817 sunt,
727 2746 763 2801 et
796 2730 980 2805 subtiliter'
1013 2729 1185 2805 ventilata
1214 2732 1337 2805 mulus

266 2851 550 2951 displicuerunt,
570 2852 634 2951 qui
659 2876 822 2951 sequaces
840 2852 915 2949 ejus
931 2876 1005 2923 esse
1016 2866 1230 2949 spernentes
1245 2876 1338 2927 con-

267 2986 323 3042 tra
343 2994 426 3042 eum
447 2967 584 3067 ingenti
603 2967 717 3040 livore
736 2982 958 3039 exarserunt.
985 2964 1068 3041 Non
1090 2954 1213 3041 multo
1230 2982 1335 3067 poet,

267 3084 440 3158 defuncto
478 3081 643 3155 Johanne
681 3082 999 3181 Rotomagensium
1034 3080 1334 3183 archiepiscopo,

268 3228 330 3276 rex
353 3215 389 3273 et
412 3199 472 3270 alii
497 3198 617 3297 plures
640 3196 906 3271 Guitmundum
927 3198 970 3271 ad
991 3197 1336 3299 archiepiscopatum

267 3319 475 3419 clegerunt5
504 3316 565 3389 sed
590 3316 710 3389 aemuli
741 3320 839 3415 ejus,
869 3340 962 3416 quos
987 3315 1081 3389 idem
1103 3316 1335 3417 vituperave-

267 3452 342 3525 rat,
362 3462 408 3509 ne
424 3432 654 3533 archipraesul
679 3432 781 3505 fieret
800 3447 976 3533 quantum
995 3446 1198 3530 potuerunt
1222 3432 1336 3531 impe-

267 3554 427 3627 dierunt.
453 3552 494 3623 ln
517 3564 619 3623 tanto
644 3550 723 3621 viro
746 3548 800 3621 nil
822 3546 1068 3648 objiciendum
1092 3549 1333 3635 invenerunt,

267 3672 335 3745 nisi
359 3669 460 3771 quod
477 3666 571 3741 filius
590 3683 679 3741 cssct
694 3664 910 3767 presbyteri.
931 3666 995 3741 llle
1018 3684 1140 3739 autem
1165 3664 1214 3739 ab
1236 3670 1334 3743 omni

268 3790 414 3862 avaritia
440 3787 581 3887 purgari
610 3784 753 3870 solens,
778 3802 813 3857 et
841 3786 937 3858 inter
960 3802 1101 3859 exteros
1127 3800 1334 3885 paupertate

268 3904 403 4005 premi,
427 3930 534 4003 quum
560 3902 655 3973 inter
673 3924 755 3973 suos
777 3902 1012 3975 dissensiones
1032 3902 1156 3975 lovere
1175 3901 1330 3981 malens,

270 4020 459 4093 (ldiloncm
480 4017 685 4089 snonnstrrii
700 4018 752 4088 sni
772 4014 935 4089 abbatem
955 4032 1161 4091 rescientes·
1176 4016 1285 4107 adiit,
1299 4032 1331 4089 et

271 4136 455 4209 lnnnilitrr
477 4130 521 4203 nli
549 4132 610 4203 illo
628 4132 807 4205 licentiam
826 4130 1073 4232 peregrinandi
1094 4134 1196 4231 petiit
1221 4152 1258 4209 ct
1278 4160 1331 4205 ae·
