2768 5094
282 255 324 314 90
559 251 741 313 HISTORIA
763 251 992 321 ECCLRSlASl’
995 251 1069 314 lca.
1146 255 1347 337 [ml-lm}

282 370 486 448 monachile
502 370 713 448 coenobium
732 374 768 446 in
785 373 927 449 honore
941 390 1073 448 sanetae
1086 374 1152 450 Ilei
1172 379 1348 478 genitricis

282 491 408 565 Mariae
432 493 592 565 construi
623 493 808 592 praeeepit.
839 493 983 593 Magnas
1011 494 1259 593 possessiones
1288 511 1378 575 hm·

284 607 358 706 ipse
377 605 450 681 dux
467 634 575 708 quam
597 607 654 681 alii
678 608 882 684 Normauui
907 609 1090 709 praedictae
1113 610 1348 687 ecclesimde·

282 721 441 813 derunt,
460 739 498 799 et
519 723 745 798 orationibus
765 724 942 813 fidelium,
966 727 1029 825 qui
1050 726 1126 800 illic
1149 732 1347 831 congregati

281 866 343 913 seu
360 842 600 942 congregandi
617 859 721 916 crant
737 843 781 916 ad
800 843 966 919 militiam
983 841 1140 934 Christi,
1161 872 1242 921 sese
1259 873 1348 923 oom-

283 957 556 1032 mendaverunt.
577 959 629 1033 lbi
646 960 874 1034 Fredeseudis
887 987 980 1034 uxor
992 963 1172 1037 Taucredi
1192 964 1241 1040 de
1254 965 1348 1041 Alta-

282 1075 378 1152 Villa
400 1077 454 1174 (1)
474 1077 612 1176 sepulta
635 1094 706 1160 est,
733 1105 800 1178 pro
821 1104 890 1178 qua
905 1076 1114 1153 Wiseanlus
1139 1079 1244 1155 filius
1266 1085 1347 1182 ejus,

284 1193 476 1293 quemdum
483 1221 653 1293 magnum
666 1194 819 1269 fundum
830 1195 947 1268 eidem
958 1196 1115 1269 ecclesiae
1125 1196 1284 1299 largitus
1292 1214 1348 1273 est.

284 1311 383 1385 Idem
397 1311 563 1412 princeps
580 1309 792 1387 coenobium
805 1327 937 1386 sanctae
952 1312 1144 1386 Trinitatis
1161 1315 1201 1387 iu
1217 1316 1351 1388 civitate

283 1425 439 1500 Venusia
458 1426 513 1523 (a)
533 1428 707 1522 praedicto
728 1428 819 1526 patri
846 1425 1124 1500 commendavit.
1150 1428 1219 1503 Ille
1239 1446 1351 1503 autem

286 1545 544 1644 berengarium
561 1544 678 1617 filium
696 1544 846 1617 Ernaldi
870 1544 935 1617 filii
954 1543 1125 1644 llelgonis
1149 1545 1352 1621 Uticensem

285 1661 505 1735 monachum
527 1661 654 1758 elegit,
680 1661 783 1743 etad
807 1659 1071 1761 suscipiendum
1095 1663 1266 1762 regimen
1284 1663 1352 1739 Ve-

285 1777 462 1850 nusiensis
480 1774 641 1852 coenobii
661 1775 866 1851 Alexandro
888 1803 995 1875 papas
1012 1778 1262 1875 praeseutavit.
1288 1779 1352 1872 Qui

285 1910 367 1994 post
389 1912 595 1995 perceptam
618 1893 930 1979 benedictionem,
956 1893 1129 1997 quamdiu
1150 1895 1354 1971 Alexander

286 2027 326 2085 et
343 2013 537 2112 Gregorius
560 2037 600 2085 ac
626 2010 827 2084 Desiderius
851 2006 1082 2109 apostolicam
1104 2014 1231 2087 sedem
1254 2039 1354 2086 rexe-

286 2145 387 2215 runt,
400 2155 523 2201 curam
536 2126 926 2202 Venusieusisabbatiae
940 2127 1206 2203 honorabiliter
1216 2132 1352 2215 tenuit;

285 2245 414 2318 deinde
435 2241 657 2342 temporibus
678 2241 817 2316 Urbani
840 2270 939 2344 papae
959 2272 978 2317 a
1003 2243 1108 2344 plebe
1129 2245 1268 2319 electus
1285 2247 1354 2346 epi·

287 2377 473 2458 scopatum
486 2359 642 2458 ejusdem
660 2359 760 2431 urbis
778 2362 944 2461 suscepit.
960 2362 1027 2435 llic
1045 2361 1159 2437 nobili
1172 2363 1354 2463 parentela

287 2494 454 2573 exortus,
472 2477 517 2549 ab
537 2476 688 2550 infautia
709 2476 776 2550 sub
794 2478 992 2552 Teotlerico
1010 2477 1137 2563 abbate
1157 2480 1258 2580 apud
1275 2480 1354 2554 Uti·

286 2621 369 2666 cum
386 2593 532 2667 Christo
548 2593 737 2683 militarit,
755 2596 954 2694 peritiaque
971 2595 1109 2696 legendi
1127 2609 1165 2669 et
1183 2596 1352 2681 cauendi,

287 2714 494 2814 optimeque
512 2710 691 2785 scribendi
712 2712 850 2785 lloruit.
876 2714 1013 2788 Deinde
1032 2729 1072 2786 ut
1088 2711 1266 2805 diximus,
1292 2714 1353 2788 ab·

286 2829 407 2903 batem
425 2856 530 2902 suum
546 2844 708 2918 secutus,
727 2845 764 2905 et
780 2828 826 2902 ab
845 2831 923 2930 ipso
940 2829 983 2905 ad
1000 2830 1218 2929 pastoralem
1234 2858 1355 2907 cruam

285 2946 513 3044 adsumptus,
543 2945 713 3046 pusillum
736 2970 880 3045 gregem
898 2972 945 3019 xx
968 2945 1232 3021 monachorum
1248 2975 1353 3050 quem

287 3063 441 3164 recepit,
467 3061 728 3162 mundanisque
751 3061 968 3136 varritatibus
989 3062 1222 3137 veliementer
1245 3090 1354 3139 occu·

285 3195 430 3281 patum,
443 3193 479 3252 et
496 3178 532 3250 in
551 3177 614 3275 Ilpi
629 3177 729 3250 cultu
745 3177 844 3250 valde
859 3179 1003 3279 pigrum
1019 3177 1176 3266 invenit,
1195 3195 1354 3279 postmo

284 3297 371 3371 dum
391 3295 503 3399 gratia
520 3295 584 3367 Ilei
600 3298 770 3394 juvante,
789 3296 834 3369 ad
853 3322 1044 3369 numerum
1061 3311 1208 3389 centum
1229 3322 1354 3371 mona·

285 3409 438 3485 chorum
464 3412 720 3511 augmentavit.
745 3412 865 3486 Tanto
893 3412 1000 3485 etiam
1033 3411 1213 3483 bonarum
1236 3411 1354 3483 studio

285 3531 461 3601 virtutum
478 3525 683 3599 nobilitavit
697 3553 775 3615 eos,
791 3544 834 3599 ut
848 3556 890 3603 ex
908 3528 991 3628 ipsis
1009 3526 1128 3628 plures
1143 3527 1303 3629 episcopi
1321 3544 1352 3600 et

320 3855 343 3914 (a
351 3864 359 3916 t
373 3848 472 3903 C'etait
486 3844 510 3897 la
523 3842 668 3895 deuribure
681 3842 783 3899 senune
799 3844 834 3899 dc
855 3844 998 3900 'l'aucr·i·‹le
1012 3844 1047 3899 dc
1061 3844 1225 3901 llauterillc·
1245 3846 1281 3901 la
1295 3864 1352 3919 prr·

287 3942 373 3995 induc
385 3935 526 4010 s'appula'tt
546 3933 681 3987 llorielle.

310 4035 348 4099 (Ἰ)
363 4031 486 4089 venosa,
502 4032 565 4087 vute
585 4019 739 4096 episcopale
750 4025 818 4082 dela
830 4025 981 4080 Basilicate.
