2768 5094
285 362 345 419 290
562 355 746 417 HISTORIA
770 354 1076 416 Bcctsssttsrles.

423 475 511 546 Cujus
523 475 585 530 heri
597 474 676 547 giebn
688 473 841 530 leandie
854 473 957 547 gaudet
969 491 1085 547 aquosa,

426 565 533 634 Quam,
547 563 616 617 dum
629 562 752 630 vivebat,
763 563 841 619 valde
856 573 1014 618 reverenter
1028 561 1146 617 amabat.

423 654 609 728 Omnipotens
619 655 715 709 anime
728 654 853 728 requiem
866 652 914 707 det
926 654 955 706 iu
967 652 1077 707 retheris
1089 653 1170 707 aree!

282 800 355 872 Pro
382 798 634 872 interfectione
659 797 822 870 Guallevi
846 796 989 870 comitis
1013 794 1232 867 Guillelmus
1255 819 1345 866 rexi
1383 806 1384 842 ¹

282 916 407 989 multis
429 915 665 1016 reprehensus
683 931 758 1004 est,
779 931 816 989 et
835 915 959 988 multis
979 930 1106 990 contra
1127 940 1214 988 eum
1240 914 1347 985 insur-

281 1031 450 1132 gentibus
457 1036 557 1132 justo
571 1032 634 1104 Dei
643 1031 782 1130 judicio
793 1031 907 1103 multu
921 1031 1065 1103 adversa
1077 1055 1270 1129 perpessus
1282 1045 1345 1113 est,

280 1176 348 1224 nec
374 1177 536 1252 unquam
559 1167 682 1250 postea
709 1150 881 1222 diuturna
906 1175 991 1248 pace
1019 1149 1157 1247 potitus
1185 1164 1255 1221 est.
1282 1150 1347 1248 lpse

279 1265 427 1368 quidem
446 1283 572 1340 contra
592 1293 718 1341 omnes
741 1268 847 1368 (quia
875 1267 1057 1340 animosus
1081 1267 1182 1364 erat)
1203 1266 1347 1339 viriliter

280 1385 433 1473 restitit3
459 1386 520 1459 md
546 1385 726 1487 prosperis
749 1381 938 1457 eventibus
962 1384 1006 1456 ad
1030 1400 1156 1459 votum
1186 1400 1229 1457 ut
1254 1402 1345 1457 antes

278 1527 353 1576 nou
374 1502 602 1602 tripudiavit,
623 1528 691 1575 nee
707 1498 843 1574 crebris
860 1502 1097 1575 victoriarum
1115 1502 1236 1574 titulis
1252 1502 1347 1575 exui-

280 1618 383 1691 tavit.
410 1621 452 1692 ln
479 1618 649 1693 tredecim
677 1619 801 1706 annis,
828 1617 960 1718 quibus
981 1617 1217 1717 postmodum
1242 1618 1346 1708 vixit,

276 1750 500 1808 armatorum
521 1737 632 1809 aciem
655 1735 699 1809 de
721 1761 848 1834 campo
870 1762 945 1809 non
969 1735 1127 1836 fugavit,
1152 1763 1223 1811 nee
1246 1739 1347 1836 oppi-

277 1849 366 1924 dum
385 1850 552 1926 obsidens
568 1851 694 1926 bellica
713 1853 848 1925 virtute
866 1853 974 1952 cepit.
993 1853 1236 1952 Omnipotens
1255 1852 1346 1926 arbi·

275 1962 332 2044 ter
350 1972 473 2044 omniu
489 1975 585 2070 juste
601 1971 781 2071 disponit,
801 1971 1016 2070 nullumque
1032 1969 1171 2044 facinus
1191 1973 1346 2071 impuni-

276 2101 356 2161 tum
375 2089 572 2190 relinquit,
597 2090 682 2190 quia
704 2086 764 2160 hic
780 2104 842 2161 uut
864 2089 902 2162 in
921 2087 1049 2162 futuro
1068 2088 1204 2163 saeculo
1227 2090 1345 2163 omnis

275 2206 396 2304 punit.

324 2323 443 2397 XVII.
458 2325 601 2422 [1075.]
619 2322 833 2397 Guillelmus
846 2349 923 2409 rex,
937 2323 1086 2423 cupiens
1099 2323 1189 2399 fines
1202 2351 1288 2399 suos
1300 2325 1346 2398 di·

275 2439 408 2528 latare,
428 2438 568 2539 sibique
588 2441 773 2530 Britcues,
792 2456 833 2511 ut
848 2437 916 2510 sibi
933 2438 1224 2516 obsecundarent
1245 2443 1346 2540 (sieut

275 2554 364 2628 oiim
376 2552 523 2627 Roiloni
536 2552 791 2642 etWiilermo,
804 2553 954 2655 aliisque
967 2553 1119 2627 ducibus
1132 2556 1346 2630 Normunni-

277 2668 327 2741 cis
344 2669 573 2766 servierunt),
588 2668 713 2742 volens
726 2667 928 2770 subjugare,
941 2697 1024 2743 cum
1039 2672 1176 2771 ingenti
1188 2675 1345 2746 exercitu

276 2784 1345 2888 Dolenscoppidumobsedit,multisqueterroribusetminis

276 2919 470 2977 castrenses
479 2905 832 2992 terruit,necseinde
841 2905 1171 2997 discessurum,nisi
1180 2912 1345 2982 munitio

276 3045 359 3091 nem
373 3018 574 3106 obtineret,
589 3046 672 3092 cum
679 3022 888 3121 juramento
899 3022 1062 3094 asseruit.
1077 3022 1242 3124 Denique
1255 3042 1345 3096 nutu

274 3136 339 3210 Dei
362 3139 517 3236 regentis
536 3139 657 3210 omnia
675 3164 731 3210 res
748 3138 852 3212 aliter
869 3141 1002 3213 evenit.
1027 3140 1120 3213 Nem
1136 3143 1345 3241 saepodietus

276 3282 358 3343 rex,
374 3255 512 3328 dumio
528 3256 694 3328 tentoriis
709 3257 781 3326 suis
793 3254 947 3355 superbe
958 3271 1177 3345 moreretur,
1193 3273 1232 3332 et
1245 3260 1285 3332 iu
1296 3259 1345 3331 di·

275 3373 371 3444 vitiis
384 3374 456 3445 suis
470 3387 510 3444 ut
526 3390 655 3472 potens
670 3373 901 3474 gloriaretur,
917 3372 1099 3446 stannum
1115 3375 1344 3477 Fergsnnum

275 3493 447 3564 comitem
461 3491 660 3564 Britannice
673 3518 756 3563 cum
769 3490 894 3562 multis
906 3506 1127 3564 armatorum
1142 3493 1345 3592 agminibus

275 3607 455 3704 suppetias
468 3605 617 3678 obsessis
631 3632 825 3703 properare
839 3606 993 3695 audivit,
1009 3607 1243 3708 territusque,
1262 3635 1344 3682 cum

276 3721 532 3809 castrensibus,
545 3724 606 3822 qui
621 3722 664 3794 de
677 3723 810 3798 auxilio
824 3723 890 3796 sibi
905 3723 1108 3797 advenienti
1122 3723 1217 3798 nihii
1230 3726 1344 3801 adhuc

275 3973 384 4025 auteur,
399 3963 448 4034 qui
462 3961 553 4015 devait
570 3962 664 4016 Pavoir
681 3965 702 4016 si
719 3968 846 4036 presente
859 3967 874 4017 d
887 3964 911 4019 ia
929 3965 1077 4032 me'moire,
1095 3966 1216 4039 petisque
1226 3985 1273 4022 ces
1285 3986 1342 4022 vers

276 4063 337 4105 sont
352 4070 399 4105 son
414 4070 547 4122 numme,
564 4072 578 4103 s
593 4071 630 4123 pu
646 4054 682 4123 «ἦν
698 4065 821 4126 tromper
833 4053 967 4128 quelques
981 4073 1062 4127 peges
1076 4054 1138 4127 plus
1152 4055 1233 4112 baut.
1248 4057 1341 4127 voye

275 4142 425 4206 ci-drsms,
443 4161 469 4215 p⁴
485 4141 544 4214 ‘'57
