2768 5094
284 367 345 429 sss
509 348 512 353 ⁴
564 368 747 430 nisvoun
769 367 1077 429 nccnmvlsncs.
1155 370 1346 449 [scaevos

284 486 441 586 exceptis
466 486 679 559 muneribus
706 486 812 586 regiis
839 501 875 559 et
901 502 1068 561 reatuum
1093 486 1347 588 redemption-

282 601 370 690 bus,
390 603 538 703 aliisque
561 602 823 703 multiplicibus
845 604 1018 704 negotiis,
1042 631 1129 705 qnae
1154 605 1256 706 regis
1275 632 1348 678 era·

281 720 379 792 rium
391 719 553 819 quotidie
565 720 754 820 adaugent.
769 723 844 794 Rex
854 721 1068 796 Guillelmus
1079 746 1349 823 omiseregnn

282 862 388 908 suum
403 834 598 935 diligenter
611 837 856 937 investigavit,
872 855 908 912 et
921 864 1047 912 omnes
1059 837 1171 911 fiscos
1185 838 1350 937 ejusden

284 967 448 1050 tempore
464 950 620 1023 Eduardi
642 953 733 1051 regis
751 953 913 1045 fuerant,
933 954 1110 1027 veraciter
1127 948 1291 1026 describi
1306 950 1351 1024 le·

284 1069 336 1140 cit
347 1069 418 1167 (r).
434 1069 563 1141 Terras
575 1083 694 1141 autem
709 1066 887 1140 militibus
901 1069 948 1140 ita
959 1066 1172 1156 distribuit,
1186 1083 1229 1142 et
1240 1094 1351 1142 eom

158 1210 161 1215 ·
284 1182 429 1256 ordines
446 1183 494 1254 ita
509 1184 704 1281 disposuit,
719 1199 761 1255 ut
773 1182 913 1283 Angliae
927 1209 1080 1283 regnum
1096 1208 1144 1255 nx
1159 1182 1279 1257 millia
1293 1184 1351 1255 mi-

284 1299 392 1372 litum
407 1301 464 1398 (2)
484 1301 728 1374 indesinenter
744 1299 911 1386 baberet,
928 1299 1024 1372 acad
1043 1301 1249 1399 imperium
1259 1301 1351 1401 regis,

285 1433 397 1517 prout
413 1419 507 1491 ratio
524 1419 749 1518 poposcerit,
766 1417 931 1491 celeriter
948 1414 1149 1491 exhiberet.

333 1535 430 1609 Vlll.
443 1532 591 1634 Adeptis
606 1537 725 1635 itaque
739 1535 860 1607 nimiis
873 1533 1004 1635 opibus
1017 1559 1106 1634 quas
1120 1533 1187 1607 alii
1200 1550 1353 1635 aggrega

284 1668 391 1739 rant,
418 1651 621 1725 Nor-manni
648 1650 808 1725 furentes
835 1650 1069 1725 immoderate
1091 1649 1291 1726 tumebant
1299 1668 1352 1739 ,et

287 1768 471 1870 indigenas
489 1769 613 1843 divino
634 1769 782 1843 verbere
806 1796 874 1869 pro
895 1767 1053 1842 reatibus
1077 1769 1154 1842 suis
1177 1794 1353 1870 pereussos

286 1888 396 1987 impie
410 1885 628 1962 mactabant.
642 1888 839 1960 Manciadae
852 1887 1013 1961 Maronis
1028 1884 1191 1960 disticon
1207 1884 1354 1987 comple

286 2018 365 2077 tum
382 2005 419 2076 in
438 2005 509 2078 illis
527 2006 733 2079 cernimus:

426 2177 526 2232 Nescia
538 2194 617 2231 mens
631 2176 754 2231 hominis
767 2176 816 2230 lati
831 2176 969 2250 sortisque
979 2174 1094 2241 lutura,

427 2265 462 2319 Et
474 2282 581 2319 servare
595 2263 727 2329 modum,
743 2263 827 2318 rebus
839 2263 946 2318 sublata
957 2258 1145 2333 oecundislb).
1233 2242 1242 2287 ¹

286 2423 435 2498 Nobiles
460 2422 589 2523 puellae
612 2421 884 2521 despicabilium
908 2422 1068 2499 ludibrio
1094 2422 1356 2523 armigerorum

287 2541 479 2642 patebant,
501 2556 537 2614 et
557 2537 602 2611 ab
622 2540 816 2612 immundis
836 2539 1079 2615 nebulonibus
1097 2536 1357 2639 oppressaede·

287 2654 393 2729 decus
418 2682 523 2727 suum
548 2652 799 2754 deplorabant.
826 2656 1005 2730 Matronae
1026 2680 1113 2728 vero
1131 2655 1313 2757 elegantia
1327 2668 1358 2727 et

288 2772 511 2873 ingenuitate
535 2769 743 2871 spectabiles
771 2772 938 2847 desolatas
961 2770 1156 2874 gemebant
1169 2800 1180 2860 ς
1203 2772 1357 2847 marito-

286 2916 369 2963 rum
395 2905 432 2963 et
462 2891 627 2962 omnium
654 2915 746 2989 pene
770 2894 970 2964 amicorum
994 2889 1123 2964 solatio
1154 2888 1356 2973 destitute,

286 3007 397 3105 magis
419 3006 512 3080 mori
537 3032 646 3106 quam
665 3007 785 3080 vivere
805 3005 992 3106 optabant.
1017 3003 1196 3079 lodociles
1216 3004 1357 3107 parasiti

285 3120 556 3195 admirabantur
574 3125 627 3222 (et
644 3125 742 3224 quasi
759 3123 927 3198 vecordes
940 3151 959 3197 e
974 3120 1139 3223 superbia
1157 3120 1360 3197 efficiebar

288 3242 365 3338 tur)
385 3240 480 3314 unde
499 3239 565 3313 sibi
589 3257 686 3314 tanta
713 3259 869 3342 potestas
891 3256 1108 3327 emanasset,
1129 3257 1168 3313 et
1186 3238 1358 3341 putabant

323 3625 363 3694 (r)
380 3623 420 3678 Ce
435 3622 522 3696 grand
538 3621 650 3688 travail,
665 3622 714 3695 qui
728 3621 867 3694 produisit
883 3618 910 3675 le
923 3618 1087 3695 Domesday
1105 3618 1204 3683 Book,
1223 3618 1271 3676 fut
1286 3636 1358 3675 ss·-

289 3714 386 3766 mence
399 3730 434 3764 en
453 3712 533 3778 1080,
549 3721 578 3765 et
592 3712 711 3765 termine
723 3728 758 3763 en
778 3708 851 3766 1086.

323 3803 363 3873 (a)
380 3801 510 3856 Solunte
525 3800 600 3855 mille
611 3798 683 3854 deux
696 3811 760 3854 cent
773 3801 887 3875 quinae,
903 3801 1013 3855 suivant
1025 3816 1080 3855 nne
1090 3798 1260 3873 chronique.

322 3888 365 3963 (3)
382 3892 456 3947 lisca
471 3916 475 3944 :

471 3980 550 4027 uesci·
564 3997 627 4025 mena
641 3980 754 4025 tonnam
759 3983 812 4043 fitt'
825 3983 938 4044 sortisque
945 3984 1045 4038 snare,

468 4067 499 4109 Ee
510 4080 597 4108 servare
610 4064 715 4118 modum,
728 4065 793 4110 rebus
805 4064 897 4111 saltata
912 4064 1024 4112 stendit.

706 4153 782 4211 virg,
798 4151 975 4203 e·a.,x,501.
