2768 5094
287 391 345 445 rao
561 382 743 442 nrsronn
766 380 1069 443 succurramur.
1250 386 1346 463 [rora
1377 322 1379 387 t

285 502 456 577 Calabriae
488 501 668 602 partibus,
694 519 734 572 ut
764 528 869 601 supra
897 501 1072 588 diximus,
1100 501 1121 572 a
1150 500 1346 577 Guisoerdo
1377 464 1379 545 l

282 622 430 720 aliisque
446 619 665 691 Narmannis
683 617 813 690 alienas
835 616 976 689 divitias
1000 617 1266 716 usurpantibus
1287 618 1345 693 bo-

283 737 497 812 norabiliter
520 751 704 823 retentus,
729 736 893 833 mitigato
915 736 1063 825 furore,
1087 760 1202 835 quem
1226 752 1344 810 contra

281 853 481 927 Osbernum
500 855 600 953 prius
623 851 812 939 habuerat,
834 878 934 925 nunc
956 853 1050 952 apud
1070 879 1204 953 papam
1223 880 1295 954 pro
1308 881 1344 929 to

283 971 458 1071 benignus
490 974 703 1046 intercessor
733 985 869 1056 exstat,
896 996 1005 1070 quem
1036 987 1140 1045 antea
1166 970 1344 1047 subtiliter
1378 1056 1380 1067 1

281 1089 480 1164 accusando
511 1088 704 1162 crudeliter
733 1088 1014 1187 impugnaverat.
1047 1088 1240 1189 Completa
1265 1117 1343 1166 rem

280 1208 457 1306 legatione
469 1205 682 1279 Willermus
696 1205 885 1305 presbyter
899 1204 943 1277 ad
955 1230 1034 1291 eos,
1050 1203 1070 1277 'a
1083 1205 1223 1305 quibus
1235 1207 1341 1282 direc-

280 1342 338 1396 tus
364 1324 500 1411 luerat,
520 1348 690 1423 prospere
711 1323 900 1406 remearit,
919 1337 953 1395 et
978 1322 1097 1394 relatis
1118 1349 1206 1423 quoe
1223 1327 1341 1399 Romu

277 1441 414 1513 viderat
434 1440 489 1513 vel
507 1439 684 1522 audierat,
705 1438 888 1511 Uticenses
905 1437 1112 1511 laetificavit.

328 1557 496 1629 Securior
526 1556 645 1651 itaque
670 1554 853 1628 Osbernus
878 1580 1002 1626 curam
1029 1554 1212 1642 ecclesiae,
1241 1582 1341 1657 quam

278 1689 496 1773 susceperat,
524 1675 620 1745 intus
648 1688 684 1744 et
709 1673 864 1744 exterius
890 1669 1115 1743 laudabiliter
1140 1671 1339 1746 exercebar.

277 1790 489 1890 Neophytos
506 1789 548 1861 ad
569 1791 841 1864 conversionem
863 1815 938 1862 non
957 1788 1025 1860 nisi
1049 1805 1212 1888 quatuor
1229 1816 1341 1863 susce·

276 1922 397 2006 perat,
417 1923 567 2006 propter
584 1905 757 2006 procellas
776 1905 1068 2004 persecutionum
1085 1929 1176 2004 qum
1196 1931 1339 2006 perpes-

275 2050 334 2096 sus
349 2023 485 2110 fuerat3
506 2024 565 2097 sed
584 2024 683 2115 illos,
702 2049 793 2124 quos
810 2050 828 2095 a
847 2020 1168 2123 praedecessoribus
1183 2025 1261 2097 suis
1273 2050 1341 2097 sus-

275 2159 398 2241 ceptos
434 2145 642 2231 invenerat,
679 2140 870 2240 diligenter
902 2154 938 2213 et
966 2138 1106 2211 utiliter
1137 2140 1176 2212 in
1215 2143 1341 2215 sanctis

274 2257 412 2330 artibus
433 2257 617 2331 educabat.
646 2258 712 2330 Hic
736 2257 926 2330 constituit
948 2255 1112 2357 generale
1135 2259 1341 2333 anniversa·

274 2376 370 2447 rium
391 2375 467 2448 lieri
488 2374 636 2474 singulis
655 2375 759 2447 annis
777 2389 829 2446 vr
853 2374 923 2446 kal.
943 2372 1021 2470 julii
1037 2399 1107 2472 pro
1124 2372 1294 2473 patribus
1309 2390 1341 2449 et

274 2487 468 2575 matribus,
488 2514 556 2588 pro
578 2487 751 2560 fratribus
772 2503 807 2560 ct
827 2487 1013 2562 sororibus
1031 2489 1199 2561 omnium
1215 2514 1341 2565 mona·

274 2603 427 2678 chorum
440 2605 618 2679 Uticensis
637 2603 814 2678 coenobii.
839 2607 879 2678 ln
898 2605 1020 2679 rotulo
1036 2605 1186 2706 quidem
1203 2606 1340 2708 longis·

273 2723 365 2793 simo
387 2723 552 2794 omnium
577 2721 753 2809 fratrum,
781 2721 868 2794 dum
886 2736 1038 2795 vocante
1067 2722 1144 2795 Deo
1169 2724 1215 2796 ad
1240 2723 1340 2799 ondi-

274 2864 355 2911 nem
374 2839 544 2925 veniunt,
568 2840 714 2913 aomina
734 2837 967 2926 scribuntur;
986 2835 1116 2912 deinde
1138 2857 1289 2938 patrum
1305 2858 1338 2916 et

247 2940 430 3024 'matrum
461 2979 610 3036 eorum,
640 2953 866 3054 fratrumque
893 2979 934 3025 ac
966 2978 1135 3026 sororum
1162 2954 1338 3030 vocabula

272 3067 564 3142 subscribantur.
591 3071 659 3162 Qni
698 3070 838 3142 rotulus
869 3096 977 3168 penes
1005 3097 1102 3142 aram
1131 3086 1214 3147 toto
1242 3100 1338 3147 anno

273 3205 447 3271 servatur,
476 3202 512 3260 et
539 3187 657 3260 sedula
687 3187 984 3260 commemoratio
1013 3188 1274 3287 inscriptorum
1302 3192 1337 3261 ia

273 3319 467 3403 conspeetu
486 3305 629 3380 Domini
649 3306 780 3406 agitor,
798 3303 884 3375 dum
903 3306 933 3377 ei
951 3331 970 3376 a
988 3302 1170 3378 sacerdote
1189 3305 1228 3378 in
1244 3306 1338 3381 cele-

137 3480 152 3503 .
274 3419 439 3494 bratione
454 3421 572 3494 missae
587 3422 721 3494 dicitur
736 3449 743 3491 :
759 3422 917 3492 Animus
925 3419 1158 3515 famulorum
1165 3419 1338 3521 famula·

273 3564 422 3636 rumque
435 3555 595 3626 terarum,
612 3564 762 3636 quorum
777 3538 927 3609 nomina
941 3553 1026 3608 ante
1038 3552 1206 3609 sunctum
1222 3537 1338 3613 altare

272 3670 370 3723 tuum
387 3658 523 3753 scripta
537 3654 666 3725 adesse
684 3651 861 3741 videntur,
883 3652 1073 3725 electomm
1090 3669 1233 3727 tuorum
1242 3655 1337 3755 jun·

269 3790 352 3859 gere
372 3768 534 3863 digneris
552 3770 747 3840 consortio.
772 3768 1067 3841 Annivcrsarium
1089 3793 1176 3841 vero
1196 3770 1336 3871 dequo

272 3881 469 3980 loquimur,
490 3895 542 3953 vr⁰
562 3880 633 3955 ltal.
653 3884 733 3980 julii
756 3886 806 3956 sic
829 3886 960 3984 agitur.
980 3885 1109 3958 Omnia
1134 3886 1234 3987 signa
1257 3913 1337 3961 sero

272 4012 309 4070 et
322 4023 425 4070 mane
440 3999 482 4069 ad
497 3999 652 4072 officium
666 4000 922 4077 ‹lcfnnctorum
935 4000 998 4074 diu
1011 4003 1218 4102 pulsantum
1236 4002 1337 4080 volu-

274 4139 355 4186 men
383 4130 610 4188 mortnornm
633 4143 740 4215 super
763 4119 872 4192 altare
893 4117 1106 4193 dissolutum
1132 4119 1250 4218 palam
1272 4146 1337 4194 ex·
