2768 5094
140 390 253 466 [1070]
513 390 871 511 transacturus·
1161 401 1219 461 aas

140 507 239 604 regia
266 507 299 577 vi
328 510 562 606 compescuit.
584 511 690 583 Tunc
709 510 843 584 Cestros
860 512 1104 587 munitionem
1127 539 1221 590 con-

140 620 260 710 didit,
281 638 318 696 et
336 625 373 696 in
389 627 596 700 reversione
611 652 673 699 sua
689 628 783 728 apud
805 627 968 703 Estalort
993 629 1143 703 alteram
1161 632 1220 706 lo-

140 741 259 828 cavit,
290 741 421 816 milites
442 759 480 816 et
503 744 692 818 alimonias
715 743 859 820 abunde
880 743 1077 847 utrobique
1099 748 1220 848 impo-

140 857 226 928 suit.
238 858 455 932 Perveniens
467 859 551 933 inde
563 859 802 933 salesburiam
813 863 960 961 praemia
976 861 1153 937 militibus
1168 862 1219 937 ibi

140 998 213 1072 pro
226 990 325 1046 tauta
341 973 530 1048 tolerantia
546 975 742 1076 largissime
753 975 954 1065 distribuit,
968 976 1221 1053 benemeritos

140 1088 383 1178 collaudavit,
403 1107 440 1164 et
461 1117 543 1163 cum
564 1093 677 1191 gratia
700 1093 812 1166 multa
834 1093 984 1170 dimisit.
1011 1095 1221 1170 Desertorea

140 1222 264 1279 autem
282 1205 324 1278 ad
347 1207 422 1280 dies
439 1232 484 1281 xa
504 1209 597 1280 ultra
618 1209 812 1283 discessum
836 1210 1131 1285 commilitonum
1155 1236 1222 1313 per

140 1324 432 1424 indignationem
453 1326 627 1414 retinuit,
646 1353 757 1427 caque
775 1351 885 1426 poena
900 1326 1094 1414 delictum,
1118 1325 1219 1429 qnod

140 1445 242 1540 pejus
258 1444 409 1531 meruit,
429 1445 627 1544 castigavit.

192 1560 254 1631 Vl.
270 1560 356 1633 Post
370 1559 448 1635 baec
461 1561 677 1637 Guillelmus
692 1589 755 1636 rex
773 1564 1000 1638 Dominicam
1019 1566 1218 1639 Resurrec-

140 1677 280 1748 tionem
297 1677 334 1749 in
352 1675 444 1751 urbe
459 1679 603 1753 Guenta
618 1678 831 1764 celebravit,
847 1679 909 1753 ubi
925 1680 1122 1757 cardinales
1140 1684 1219 1758 lio-

140 1820 259 1867 manae
278 1795 437 1870 ecclesiae
460 1822 633 1872 comitam
656 1802 687 1871 ei
714 1798 932 1872 solemniter.
948 1801 1215 1900 imposuerunt.

140 1913 232 1985 Nam
252 1940 295 1987 ex
314 1915 491 2014 petitione
512 1916 622 2015 ipsius
640 1914 842 1990 Alexander
863 1943 952 2016 papa
976 1932 1048 1991 tres
1068 1917 1217 1993 idoneos

140 2031 170 2103 ci
191 2047 233 2101 ut
251 2032 434 2104 carissimo
449 2032 526 2106 lilio
540 2032 717 2128 legaverat
731 2033 883 2105 vicarios
903 2063 912 2104 ε
934 2031 1217 2107 Ermenlredum

140 2148 353 2245 pontificem
387 2149 638 2238 Sedunorum,
678 2165 714 2222 et
747 2149 838 2222 duos
868 2151 1063 2223 canonicos
1097 2149 1217 2224 cardi·

140 2263 239 2336 itales
253 2265 325 2361 (1).
342 2264 443 2357 Quos
458 2264 552 2366 apud
570 2291 608 2339 se
626 2290 751 2340 annuo
767 2264 883 2339 ferme
902 2269 1018 2366 spatio
1037 2269 1214 2356 retinuit,

140 2380 288 2456 audiens
322 2398 360 2455 et
392 2381 577 2456 honorans
602 2409 664 2457 eoa
689 2399 862 2483 tanquam
889 2384 1034 2482 angelos
1060 2384 1141 2457 Dei.
1173 2386 1215 2457 ln

140 2497 289 2570 diversis
306 2497 413 2587 locis,
433 2500 469 2574 in
488 2499 655 2599 plurimis
673 2499 826 2598 negotiis
841 2500 894 2572 sic
910 2526 1034 2600 egere,
1052 2502 1147 2573 sicut
1163 2503 1217 2575 in·

140 2615 239 2714 {ligas
253 2617 437 2689 canonicae
452 2618 729 2691 examinationis
741 2632 778 2690 et
795 2617 1036 2691 ordinationis
1050 2619 1216 2719 regiones

140 2733 220 2807 illas
231 2733 416 2808 dinovere.
437 2736 593 2809 Maxima
612 2762 698 2810 vero
711 2763 752 2808 ac
766 2735 918 2809 utillima
936 2738 1096 2836 synodus
1110 2738 1217 2810 win-

140 2853 298 2927 dresoris
323 2855 379 2951 (a)
401 2852 576 2928 celebrata
601 2869 654 2927 est
677 2881 776 2928 arrato
800 2868 841 2926 ιο
864 2866 952 2925 txx⁰
976 2852 1022 2925 ab
1046 2856 1216 2927 lascarus-

140 2973 243 3043 tione
262 2971 421 3043 Domini.
443 2972 518 3044 ilex
534 2987 571 3045 et
587 2969 784 3043 cardinales
804 2970 920 3044 eidem
937 2971 1095 3045 concilio
1118 2998 1217 3071 prae-

140 3088 337 3176 sederunt,
369 3104 405 3160 et
443 3087 517 3160 illic
553 3085 767 3188 stigandum
804 3086 943 3187 pridem
980 3087 1216 3187 reprobatum

140 3205 367 3277 anathemate
381 3203 642 3303 deposuerunt.
662 3204 834 3299 Periuriis
847 3205 944 3276 enim
961 3219 998 3276 et
1012 3203 1216 3276 homicidiis

142 3325 353 3422 inquinatus
369 3338 464 3410 erat,
485 3349 551 3396 nec
572 3349 639 3421 per
662 3324 796 3396 ostium
821 3322 858 3393 in
881 3321 1215 3420 archipraesulatum

142 3442 348 3514 introierat.
370 3441 499 3514 Numa
524 3437 668 3513 duobus
687 3439 877 3539 episcopiis
897 3469 905 3510 :
934 3438 1160 3512 Norsulcano
1180 3455 1218 3513 et

140 3555 336 3630 Guentano
357 3556 508 3631 nelaaada
527 3556 737 3658 gradatione
754 3553 963 3629 ambitionis
980 3571 1017 3627 et
1042 3555 1217 3655 supplan·

141 3675 292 3748 tationis
307 3673 526 3748 asccardcrat.
545 3673 766 3774 Sullraganei
781 3697 927 3774 quoque
940 3671 1079 3773 aliquot
1090 3670 1215 3772 er'ecti

175 3912 215 3978 (ι)
237 3907 409 3973 Prmenirid,
433 3910 537 3982 ι’·νὲηοε
554 3908 590 3963 de
608 3908 692 3972 Sion,
707 3919 737 3963 et
755 3909 794 3964 les
811 3907 962 3963 cardinaua
980 3909 1075 3964 l'ierrr
1090 3920 1118 3965 et
1136 3910 1214 3964 lesa.

140 4002 255 4056 Gueuta
269 4011 310 4054 est
327 4000 515 4055 ll'inclaester.

177 4095 220 4161 (a)
238 4091 384 4146 Wiadsor.
404 4092 440 4146 Le
457 4091 563 4146 concile
580 4092 657 4146 u'eut
675 4108 722 4163 pas
739 4090 797 4147 lieu
808 4089 877 4144 dans
889 4099 961 4146 oette
972 4088 1133 4151 aesideuom
1148 4091 1216 4144 mais

140 4202 156 4239 a
173 4184 202 4230 ll
213 4183 363 4246 iactanter,
379 4180 618 4237 imnaediatesnent
630 4183 710 4255 ariste
724 4181 839 4255 Ptqaes.
