2768 5094
273 399 333 460 ne
545 398 730 462 nurnine
751 390 1059 461 eccunsrnnca.
1243 366 1378 479 [rna

271 543 334 592 mo
349 515 432 590 duci
450 516 603 608 fenerat,
620 518 802 620 complere
815 544 891 593 non
905 532 1044 617 posset,
1063 530 1209 591 mutata
1227 516 1330 592 interr
1375 508 1378 577 l

271 638 372 712 tione
384 637 436 709 ait
452 667 461 708 ε
480 636 750 710 Sublimitatem
761 653 934 726 uestram,
949 634 1151 736 mnfflrr'fice
1159 661 1248 726 nx,
1260 662 1330 739 sup
1376 630 1378 717 f

263 753 359 857 plear
377 752 485 845 adeo,
500 771 534 826 et
546 780 604 827 me
615 755 864 854 seruitiumque
879 778 998 825 meum
1010 753 1212 854 majestati
1223 768 1333 827 vestra

257 867 568 970 fideliterofflm,
588 885 628 942 ut
638 870 783 972 possim
800 870 936 942 restitui
947 893 1019 968 per
1031 883 1203 940 uestmm
1218 866 1333 967 suffio

266 988 373 1087 grum
386 985 518 1061 honori
533 1012 585 1060 ex
591 1003 750 1088 patemo
765 985 991 1059 suocoestone
1003 982 1138 1057 debito.
1156 983 1262 1058 Nom
1278 982 1334 1056 tte

270 1099 531 1203 raldurfrnter
548 1129 665 1193 meua,
688 1104 753 1202 qui
761 1103 850 1202 jure
876 1097 984 1188 au'ti,
1013 1114 1141 1200 utpote
1156 1101 1335 1203 prinmgt·

270 1219 373 1307 nito,
393 1218 574 1293 debuisset
587 1245 740 1321 parere,
751 1215 1013 1312 fraudulenter
1032 1216 1243 1289 insurrexit
1261 1240 1336 1289 oon·

270 1351 327 1410 tra
344 1362 413 1427 me,
427 1353 462 1410 et
477 1365 628 1439 regnum
640 1337 792 1438 Angliee
805 1335 983 1437 perjuriis
987 1334 1237 1436 proesumprit
1247 1336 1337 1406 w

266 1479 373 1554 pore.
397 1453 537 1529 Unde
518 1481 545 1529 o
560 1454 683 1544 robii,
706 1480 796 1556 quos
811 1453 950 1527 uiribus
969 1467 1005 1525 et
1021 1458 1161 1540 annia,
1184 1452 1338 1551 ommipe

270 1568 448 1672 probitate
464 1574 657 1675 praecipue
677 1574 800 1669 uigere
824 1594 1026 1670 cognosco,
1048 1568 1213 1643 uiriliter
1235 1566 1364 1670 nalja-

271 1688 352 1759 vari
355 1704 507 1789 utpote
516 1687 622 1761 homo
639 1704 758 1760 uester
762 1711 966 1787 ,.expoaco
978 1683 1340 1788 Proteniamperfidi

259 1801 400 1900 fratris
411 1801 501 1875 bello
514 1804 704 1904 proterite,
719 1802 946 1876 uredietatem
963 1801 1116 1901 Angliae
1134 1800 1245 1874 uobis
1262 1802 1340 1875 reti·

272 1934 375 2009 nete,
394 1919 578 2020 alienique
595 1919 703 2010 noti,
719 1946 781 2020 qut
778 1917 896 1992 'uobis
908 1916 1166 2020 indefideliter
1181 1922 1339 1999 serrium,

273 2034 363 2108 dum
380 2035 578 2126 advixero,
595 2039 754 2112 retinete.
775 2035 838 2107 llis
853 2033 999 2121 auditis,
1017 2032 1144 2106 avidus
1164 2059 1235 2108 rex
1252 2030 1343 2105 valde

273 2154 413 2252 gavisus
431 2169 495 2226 est.
513 2153 649 2227 Deinde
660 2154 767 2252 jussit
783 2151 982 2226 exereitum
995 2149 1208 2251 aggregari,
1225 2147 1342 2223 bettio
1372 2148 1376 2169 '

276 2271 516 2345 instrumenta
542 2272 755 2372 praeparari,
787 2284 824 2344 et
850 2269 985 2368 regiam
1015 2267 1163 2341 classem
1194 2293 1265 2368 per
1291 2292 1344 2341 sex
1373 2172 1378 2327 i

274 2412 414 2461 menses
427 2387 620 2486 diligenter
628 2389 665 2460 in
680 2385 850 2459 omnibus
867 2385 996 2486 aptari.
1014 2383 1205 2459 Esmneus
1216 2381 1347 2457 exnlall

275 2518 418 2577 tantum
448 2504 611 2581 laborem
640 2521 840 2605 tyrannum
867 2503 1018 2593 excivit,
1041 2524 1199 2602 eumque
1224 2499 1345 2575 alli&

275 2621 568 2754 tergiversatione
586 2620 706 2694 taliter
723 2620 860 2708 illexit,
879 2645 927 2695 ne
944 2617 1046 2693 abeo
1062 2616 1165 2719 quasi
1182 2615 1346 2718 expleru-

275 2751 337 2812 tor
350 2738 451 2869 regni
468 2739 522 2811 sui
538 2754 744 2840 caperetur,
759 2737 820 2811 sed
833 2753 876 2809 ut
895 2762 962 2837 per
985 2760 1068 2810 eum
1084 2732 1347 2836 quoquomodo

276 2854 444 2953 injuriam
466 2855 684 2956 expulsionis
707 2881 780 2929 suae
800 2851 845 2928 de
863 2850 1029 2927 malefido
1054 2849 1170 2925 fratre
1204 2850 1346 2990 ulciroe·

274 2987 389 3047 retur.

322 3085 567 3162 Nihilominus
583 3089 880 3163 Normannorum
897 3086 1057 3162 marchio
1075 3081 1229 3184 perabat
1250 3110 1346 3157 amm

276 3206 560 3308 prosectionem,
584 3210 722 3283 nescius
739 3206 931 3282 infortunii
955 3203 1053 3308 quod
1068 3228 1345 3304 praeoccupave-

275 3342 332 3398 rat
359 3353 464 3400 suum
492 3353 773 3428 praecursorem,
806 3343 843 3401 et
869 3342 968 3400 extra
994 3339 1173 3398 statutum
1202 3347 1345 3397 curtum

274 3443 382 3547 longe
394 3447 605 3547 propulerat
620 3447 663 3520 ad
675 3445 980 3547 Septentrionem.
1005 3444 1046 3514 ln
1066 3438 1236 3514 Neuetria
1253 3436 1345 3513 mul·

276 3576 323 3635 tre
342 3589 448 3637 naves
464 3591 547 3638 eum
562 3563 775 3638 utensilibus
791 3562 863 3636 auia
879 3561 1071 3663 diligenter
1087 3570 1225 3658 parate
1240 3568 1343 3640 tuot,

275 3679 408 3779 quibus
424 3679 641 3756 fabricandis
661 3681 780 3754 clerici
798 3696 835 3755 et
850 3679 930 3753 laici
947 3676 1073 3752 studiis
1089 3691 1126 3750 et
1144 3670 1346 3776 sumptibus

276 3794 445 3870 adhibitis
467 3800 603 3898 pariter
630 3799 865 3873 intenderunt
895 3798 964 3895 (1).
994 3794 1194 3869 Exactione
1215 3792 1345 3894 princi-

312 4088 352 4158 (t)
370 4087 447 4143 Nom
463 4106 559 4143 aaroni
575 4107 625 4163 par
633 4088 795 4146 Gnillaume
808 4089 844 4145 da
855 4088 974 4145 Poitiera
983 4105 1038 4164 qne
1053 4104 1086 4142 oe
1102 4085 1148 4141 lut
1159 4082 1198 4140 de
1210 4083 1282 4140 Divo
1292 4100 1345 4159 qur

278 4177 365 4249 partit
382 4176 499 4234 lassotte
513 4176 551 4234 du
570 4177 625 4236 duc
641 4198 713 4255 pour
728 4199 756 4236 se
770 4177 870 4237 rendre
882 4182 897 4233 l
914 4171 1345 4241 saint-Valeriwffiomtd
