2768 5094
428 415 750 495 traanounrns.
1063 420 1118 481 tn

49 538 181 612 bertus
204 535 381 613 dederunt
409 553 534 612 sancto
561 536 718 612 Ehrutfo
749 563 862 610 uuum
886 563 1052 639 campum
1078 539 1123 614 de

50 681 223 729 mansura
235 653 409 729 Rodberti
423 654 605 754 cujusdam
617 654 759 743 villani,
779 655 817 727 in
831 655 1020 753 praesentia
1033 654 1124 731 Rod-

53 771 151 845 berti
175 771 220 846 de
235 772 368 844 Sancto
390 769 540 846 Nicolao
560 773 639 872 (ι),
661 772 738 872 ipso
756 768 943 847 Rodberto
963 797 1124 874 conque·

55 905 181 978 rente,
196 889 294 990 quod
307 903 440 961 terram
454 913 528 962 non
544 887 691 963 haberet
702 889 766 962 uni
782 913 940 961 carrucae
952 888 1125 963 sufficien·
1201 916 1208 931 ·

55 1022 147 1081 tem.
168 1004 352 1106 Quidquid
367 1004 479 1079 Fuicu
495 1004 539 1078 de
550 1005 683 1081 Sancto
696 1003 832 1079 Albino
844 1005 902 1103 (a)
917 1005 953 1078 iu
967 1005 1124 1081 Viliariis

55 1126 103 1199 de
117 1141 211 1199 terra
224 1149 285 1196 sua
299 1121 397 1198 dedit
409 1137 533 1196 sancto
545 1121 718 1211 Ebrulso,
736 1120 892 1197 haeredes
904 1125 978 1222 ejus
990 1121 1126 1198 Tedri-

57 1268 122 1315 cus
133 1258 170 1316 et
180 1241 368 1316 Rainerius
381 1255 648 1331 concesserunt,
657 1254 694 1313 et
705 1265 833 1314 uxores
846 1263 972 1313 eorum
984 1239 1125 1331 Emme·

59 1358 134 1430 lina
148 1373 184 1432 et
194 1356 377 1431 Tescelina
389 1356 451 1455 (ex
461 1354 597 1458 quibus
612 1370 688 1428 erat
699 1354 914 1453 haereditas),
928 1356 1125 1433 retinentes

60 1473 144 1547 inde
154 1488 292 1574 partem
305 1473 462 1574 aliquam
474 1470 518 1544 ad
532 1471 800 1570 hospitandum,
815 1471 966 1547 domino
979 1472 1125 1549 illorum

60 1590 263 1665 Alexandro
280 1606 475 1666 anunente.

109 1709 290 1782 Prolixam
313 1709 556 1782 narrationem
581 1707 626 1781 de
650 1705 757 1780 rebus
781 1706 942 1782 Uticensi
971 1709 1129 1783 ecclesie

59 1826 153 1899 datis
166 1826 360 1925 protelavi3
380 1824 442 1900 sed
455 1826 609 1900 necdum
623 1851 748 1900 omnes
767 1826 803 1899 in
816 1827 984 1926 praesenti
1004 1824 1129 1903 libello

61 1941 366 2041 comprehendere
389 1941 496 2015 valui.
518 1944 611 2016 Sunt
634 1941 768 2016 etenim
792 1968 926 2043 pamoe,
949 1959 986 2017 et
1007 1970 1027 2015 a
1049 1970 1130 2033 me-

61 2057 246 2133 diocribus
262 2075 324 2131 ant
341 2057 524 2143 blanditiis
542 2057 750 2145 abstractae,
771 2075 833 2131 aut
847 2058 903 2145 vi,
919 2085 981 2133 seu
994 2061 1128 2159 pretio,

63 2172 119 2246 sel
135 2173 206 2246 alio
219 2171 384 2274 quolibet
396 2173 506 2248 modo
519 2187 691 2265 extortae,
706 2173 925 2274 sparsimque
939 2200 1004 2273 per
1016 2173 1129 2275 piuri·

63 2316 139 2363 mas
147 2290 318 2363 dioeceses
328 2289 485 2379 diffusoe3
499 2287 679 2391 inquibus
688 2288 948 2363 monachorum
960 2316 1132 2365 numerus

63 2405 261 2479 secuudum
288 2407 528 2507 quantitatem
556 2406 786 2506 posseuionis
815 2406 1064 2497 constituitur,
1094 2421 1133 2481 et

65 2549 133 2621 pro
155 2520 357 2595 fautoribus
380 2524 453 2595 auis
477 2523 514 2596 in
532 2521 678 2623 hymnis
700 2537 738 2594 et
757 2519 924 2623 precibus
949 2536 985 2595 et
1009 2521 1133 2596 conti-

64 2637 166 2712 nenti
186 2637 257 2708 vita
278 2636 428 2712 domino
444 2636 607 2738 quotidie
628 2636 834 2710 famulatur.
860 2636 951 2731 Quae
974 2651 1131 2725 restant,

66 2757 104 2826 in
122 2754 284 2856 sequenti
300 2754 476 2856 opusculo
494 2754 667 2833 veraciter
683 2754 913 2855 colligentur,
934 2770 971 2828 et
990 2755 1133 2829 notitioe

66 2869 240 2958 fratrum,
260 2872 323 2971 qui
343 2867 449 2944 nobis
465 2864 513 2961 d
528 2868 765 2945 laborandum
786 2870 824 2942 in
843 2895 930 2969 agro
947 2869 1133 2947 dominico

67 2984 277 3071 suecedent,
298 2984 438 3087 liquido
453 2982 671 3085 tundentur.

69 3291 145 3338 nen,
161 3272 305 3347 puiuqu'oa
316 3272 413 3343 ignore
423 3269 447 3325 la
460 3269 523 3326 date
534 3271 570 3325 de
580 3269 604 3324 ia
617 3280 691 3324 mort
701 3269 839 3325 d’Asoeiin
848 3269 932 3325 Goei.
947 3268 969 3324 ΙΙ
977 3280 1020 3326 est
1028 3272 1135 3327 nemin

70 3381 104 3417 au
125 3363 214 3416 moins
227 3379 281 3434 que
294 3361 387 3416 c'etait
403 3371 484 3415 arant
502 3378 583 3434 1119,
596 3362 705 3434 epoqne
721 3362 759 3413 ou
777 3378 827 3415 sou
842 3359 884 3415 fit·
898 3359 1003 3415 Robert
1019 3362 1088 3416 e'tait
1099 3378 1136 3417 eu

71 3451 223 3522 semion
235 3447 270 3502 de
281 3464 323 3503 tet
335 3446 487 3503 domaines.

104 3542 144 3609 (t)
163 3539 308 3595 Prot-&tm
319 3532 539 3605 saint-Nimia,
550 3536 667 3591 hameau
679 3535 714 3591 de
727 3535 1025 3593 Moutfortd’Amanri.

105 3632 144 3696 (a)
164 3628 240 3682 Nous
254 3646 290 3682 ne
303 3626 481 3685 conmisso·
489 3625 571 3701 point
583 3623 618 3679 de
630 3624 818 3681 saint-Aubin
836 3625 898 3698 pius
914 3628 1001 3680 roisin
1018 3624 1054 3681 de
1064 3636 1137 3681 tetre

71 3720 184 3772 «ontree
195 3735 249 3789 que
260 3716 462 3784 &int-aubin,
478 3712 542 3790 pret
556 3713 858 3789 Neanphie-ieSienx.

447 3998 521 4037 'iim
542 3998 610 4035 tottt
633 3996 752 4035 {mmm
