2768 5094
61 409 269 486 [imi-aces]
439 403 555 467 uasa
576 402 756 467 marrus.
976 478 980 483 ‚
1074 412 1132 475 us

60 527 182 603 ordini
204 525 482 626 competebant,
507 525 673 600 alacriter
692 524 897 601 exhibebat.
921 529 1055 604 Enndo
1072 530 1131 607 rel

61 645 258 747 equitando
269 671 345 746 quo
355 642 423 717 sibi
434 643 631 743 jubebatur
643 642 737 733 ibat,
753 661 789 718 et
803 645 1048 720 ecclesiasticis
1061 649 1133 722 ntis

61 763 226 836 litatibus
244 788 314 862 pro
332 788 436 863 posse
454 788 520 838 suo
540 761 661 836 verbis
681 776 718 836 et
733 762 937 837 actionibus
956 767 1133 841 instanter

59 879 295 955 deserviebat.
315 881 421 953 llunc
436 879 610 953 nimirum
628 878 812 954 Osbernus
827 878 938 955 abbas
956 883 1037 982 plus
1054 883 1132 958 aliis

60 998 253 1100 diligebat,
273 1014 311 1071 et
329 998 365 1071 in
386 1000 463 1098 ipsc
479 997 581 1072 valde
596 997 697 1071 velut
713 999 750 1070 in
768 1023 834 1073 suo
849 1001 1001 1100 proprio
1014 999 1135 1075 conti·

60 1115 182 1188 debat.
197 1114 303 1188 Unde
319 1113 363 1188 ad
380 1141 511 1190 novam
529 1113 731 1201 basilicam,
745 1141 856 1216 quam
873 1115 1042 1192 inchoare
1057 1117 1136 1191 dis-

60 1229 243 1332 ponebat,
267 1257 391 1305 curam
411 1247 449 1305 et
473 1233 671 1332 impensas,
696 1232 1014 1335 magisteriumque
1038 1232 1135 1311 lato-

61 1372 210 1421 morum
225 1347 257 1420 ei
276 1344 564 1420 commendabat.

111 1463 288 1537 Proelatus
303 1480 419 1564 pater,
441 1462 545 1564 hujus
567 1464 708 1537 llicardi
727 1463 896 1564 precibus
912 1481 949 1540 et
968 1464 1135 1555 hortatu,

64 1582 253 1655 franciam
278 1579 387 1670 adiit,
412 1597 449 1655 et
472 1579 697 1655 ltodbertum
724 1581 954 1684 eloquentem
977 1610 1018 1657 ac
1043 1584 1139 1658 flet*-

63 1699 211 1774 batam
227 1695 272 1773 de
288 1699 441 1772 Semnus
465 1701 523 1798 (t)
542 1716 579 1774 et
598 1700 788 1774 Fulcoium
812 1699 858 1775 de
877 1699 1041 1776 Caldreio
1057 1701 1136 1800 (2),

61 1817 225 1917 aliosque
257 1815 392 1890 milites
420 1831 457 1891 et
488 1815 649 1915 plebeios
683 1816 972 1892 vilcassinienses
1006 1817 1051 1891 ad
1083 1818 1139 1891 sni

64 1936 235 2009 notitiam
255 1933 353 2009 dulci
376 1933 562 2034 colloquio
588 1934 776 2022 invitavit,
800 1933 1029 2038 fundumque
1051 1933 1142 2010 flet-

62 2049 298 2123 urici-Corsis
309 2047 469 2149 praefatis
481 2044 693 2147 proceribus
705 2063 743 2120 et
753 2048 882 2120 vicinis
895 2047 1141 2127 annuentibus

63 2180 102 2238 et
126 2162 437 2266 congaudentibus
466 2165 503 2236 in
529 2164 735 2238 dominium
757 2162 795 2235 S.
819 2161 961 2237 Ebrulfi
988 2165 1139 2266 recepit.

66 2278 307 2355 ledea-edient
319 2280 357 2351 in
372 2278 505 2352 lectum
517 2276 663 2351 decidit.
679 2283 762 2351 Post
772 2277 913 2378 aliquot
921 2277 997 2353 dies
1007 2276 1141 2355 morbo

65 2395 391 2496 ingravescentem
413 2394 608 2493 capitulum
622 2393 795 2468 deductus
807 2396 930 2488 venit,
943 2412 980 2470 et
1000 2397 1140 2498 episto-

65 2515 160 2606 lam,
182 2539 291 2616 quam
316 2511 522 2586 Alexandro
546 2538 648 2613 papae
679 2512 814 2585 misisse
837 2513 1004 2588 eumdem
1031 2540 1138 2615 supra

64 2633 243 2724 diximus,
255 2630 372 2731 palam
387 2629 530 2705 recitari
544 2631 664 2728 jussit.
678 2630 786 2724 Quod
803 2631 851 2702 ita
867 2629 1002 2704 factum
1013 2646 1082 2724 est,
1093 2647 1137 2706 nt

65 2747 210 2820 cunctis
219 2744 448 2820 manifestum
457 2745 746 2846 fieretqucdipse
758 2742 939 2818 abbatiam
948 2745 1137 2823 liudberto

64 2864 190 2936 abbati
205 2891 279 2939 non
293 2863 542 2962 surripuisset,
560 2861 621 2936 sed
633 2863 768 2936 invitus
780 2888 821 2935 ac
831 2861 1047 2936 obedientie
1059 2864 1138 2940 vio-

65 2982 176 3056 lentia
186 2996 331 3055 coactus
339 2980 500 3078 regimen
510 2979 730 3078 suscepisset.
744 2979 909 3079 Denique
919 2977 1048 3054 fratres
1057 2977 1140 3056 hor·

64 3117 144 3172 tatu
160 3096 424 3188 corroboravit,
436 3125 476 3169 ac
487 3114 528 3169 ut
539 3095 607 3169 sibi
621 3112 736 3170 errata
755 3095 995 3195 indulgerent,
1010 3098 1137 3199 suique

62 3244 243 3291 memores
260 3231 398 3307 essent,
414 3212 626 3289 obsecravit.
648 3216 776 3316 Sicqne
790 3214 869 3287 data
887 3214 1134 3310 consessione,

62 3366 105 3410 ac
132 3351 354 3410 sacrosancta
378 3334 558 3408 Dominici
581 3332 744 3431 corporis
773 3346 939 3430 percepta
966 3357 1136 3406 commu·

63 3454 198 3544 nione,
212 3467 404 3552 postquam
419 3449 648 3524 moderamen
663 3447 841 3520 Uticensis
854 3447 1011 3520 ecclcsiae
1024 3448 1136 3547 quin-

62 3598 136 3672 que
152 3571 255 3642 annis
271 3585 308 3643 et
324 3566 441 3640 tribus
452 3564 633 3640 mensibus
648 3566 788 3652 tenuit,
804 3579 856 3638 vt⁰
873 3562 943 3636 lat.
961 3565 1056 3663 junii
1073 3565 1131 3667 (3)

63 3692 162 3762 inter
188 3713 314 3760 massus
340 3685 493 3759 lrntrum
517 3684 656 3759 litanias
681 3708 751 3784 pro
775 3710 817 3758 eo
839 3681 897 3783 pie
920 3684 1129 3759 canentium

97 4006 138 4067 (a)
157 3995 474 4062 senos-teutonicum,
489 3999 551 4069 prin
565 3995 668 4069 Magni.

97 4094 138 4159 (a)
157 4086 301 4152 Cbsndrs,
317 4087 433 4142 bansesu
445 4086 481 4141 de
495 4086 604 4142 l'arnes.

103 4177 138 4247 '‘s)
158 4179 194 4234 lae
208 4194 242 4249 η
255 4180 310 4233 nai
328 4175 403 4232 sctiti.
