2768 5094
277 402 333 459 198
551 397 737 458 HlSTOlllA
761 396 1068 458 Ecctssstasrtcn.
1146 399 1334 475 [toea-toto

275 519 343 607 vit,
359 531 395 589 et
412 529 557 588 noctem
572 517 763 616 integram,
782 512 929 588 ubinam
943 530 1061 588 essent
1073 539 1175 615 quos
1188 513 1337 587 ductabat

276 636 439 735 ignarus,
468 634 598 732 exegit.
630 633 837 708 Eboracum
867 659 1030 707 reversus
1057 632 1258 732 complura
1286 632 1338 704 illi

275 751 415 825 castella
440 752 672 838 restauravit,
697 767 732 824 et
751 748 832 822 urbi
851 776 893 822 ac
913 751 1052 850 regioni
1076 750 1279 824 commoda
1293 776 1339 823 or·

274 871 425 942 dinavit.
440 869 580 943 Deinde
595 885 716 944 movet
727 869 992 969 expeditionem
1007 864 1137 943 contra
1150 869 1341 942 cestrense

275 1003 312 1061 et
325 987 491 1071 Guallos‚
509 988 571 1088 qui
592 1002 725 1086 praeter
743 986 828 1058 alias
845 987 996 1059 offensas
1014 987 1237 1084 nuperrime
1255 985 1341 1058 Sero

274 1099 478 1176 besburiam
498 1101 731 1176 obsederunt.
752 1103 940 1177 Exercitus
958 1115 1079 1175 autem
1098 1102 1165 1202 qui
1189 1100 1283 1173 dura
1299 1117 1342 1174 to

276 1221 465 1308 lerarerat,
478 1222 515 1294 in
531 1219 600 1294 boc
610 1222 740 1295 itinere
754 1221 873 1294 multo
883 1221 1029 1292 duriora
1041 1233 1183 1293 restare
1197 1216 1342 1293 timebat

275 1334 478 1410 Verebatur
501 1341 598 1410 enim
617 1336 782 1411 locorum
800 1337 1049 1437 asperitatem,
1070 1334 1206 1409 hiemis
1226 1336 1343 1408 intem

275 1456 432 1553 periem,
452 1453 710 1529 alimentorum
729 1455 909 1552 inopiam,
925 1469 961 1528 et
977 1451 1139 1528 bostium
1154 1451 1344 1525 terribilem

277 1568 517 1643 ferocitatem.
544 1569 747 1670 Andegavi,
774 1570 941 1643 Britones
965 1586 1002 1643 et
1026 1569 1262 1643 Cenomanni
1288 1595 1344 1640 ser·

277 1686 394 1773 vitiis,
420 1701 461 1756 nt
476 1684 665 1775 dicebant,
689 1683 978 1760 intolerabilibus
995 1683 1132 1785 oppido
1156 1682 1345 1786 gravabar

278 1819 359 1891 tur3
394 1803 489 1876 unde
519 1804 754 1902 pertinaciter
784 1805 804 1875 a
839 1829 923 1904 rege
953 1804 1165 1876 missionem
1196 1817 1345 1905 petentes

278 1918 610 2021 conquerebantur.
631 1922 693 1994 Sui
717 1921 893 1993 nimirum
913 1921 957 1993 ad
974 1923 1280 2021 expurgationem
1295 1918 1344 1992 de-

278 2036 497 2138 promebant
515 2065 590 2111 uon
608 2065 711 2139 posse
726 2038 878 2112 domino
896 2065 1037 2139 semper
1058 2064 1152 2112 nora
1170 2055 1211 2113 et
1229 2039 1345 2111 immo

279 2155 399 2228 derata
424 2155 589 2247 audenti,
621 2159 803 2257 nimiaque
832 2157 1056 2257 praecipienti
1084 2155 1256 2259 obsequi.
1284 2157 1376 2249 ilex,

279 2288 400 2343 autern
428 2273 668 2344 constantiam
694 2272 779 2343 Julii
806 2271 956 2345 Caesaris
987 2273 1024 2344 in
1055 2272 1117 2344 tali
1147 2273 1347 2346 necessitate

280 2403 421 2460 secutus
435 2403 506 2475 est,
525 2415 592 2461 nec
604 2413 664 2461 eos
678 2389 795 2460 multo
813 2404 960 2488 precatu
976 2415 1037 2463 seu
1052 2388 1158 2462 noris
1170 2387 1348 2488 promissis

280 2506 438 2577 retinere
461 2505 628 2604 dignatus
651 2523 716 2578 est.
741 2506 921 2580 Audacter
941 2507 1145 2607 incoeptum
1168 2507 1244 2578 iter
1267 2506 1346 2589 init,

281 2618 438 2719 fidasque
459 2619 525 2692 sibi
549 2620 716 2695 cohortes
740 2649 776 2695 se
802 2624 902 2723 sequi
928 2621 1123 2722 praecepit,
1154 2620 1350 2697 desertores

279 2762 368 2811 vero
376 2737 475 2810 velut
486 2739 619 2813 inertes
629 2739 849 2841 pavidosque
863 2756 899 2815 et
912 2739 1098 2830 invalidos,
1111 2740 1139 2812 si
1154 2738 1348 2822 discedant,

280 2854 520 2954 parvipendit.
548 2856 634 2928 Post
659 2856 883 2929 difficillimas
910 2856 1137 2957 fatigationes
1156 2854 1351 2931 victoribus

278 2973 441 3071 requiem
463 2974 664 3070 promittit,
689 3001 756 3048 nec
780 2974 823 3047 ad
847 2973 1003 3049 honores
1022 2999 1125 3073 posse
1147 2975 1351 3073 pertingere

279 3086 347 3158 nisi
372 3114 435 3185 per
458 3085 597 3162 labores
622 3090 758 3163 asserit.
783 3089 991 3163 lndesessim
1014 3091 1134 3190 itaque
1155 3090 1279 3188 pergit
1301 3088 1350 3158 ria

279 3204 391 3304 equiti
410 3230 598 3305 nunquam
613 3222 697 3280 ante
714 3222 880 3305 experta,
899 3209 1021 3308 inqua
1039 3220 1126 3277 sunt
1140 3220 1289 3281 montes
1300 3231 1349 3276 ar·

199 3404 204 3412 .
277 3321 337 3393 dui
357 3338 393 3394 et
404 3322 698 3420 profundissimae
712 3325 839 3411 valles,
860 3326 927 3396 rivi
946 3339 983 3397 et
999 3349 1121 3395 amnes
1137 3323 1348 3421 periculosi,

277 3453 314 3510 et
329 3440 538 3538 voraginosa
556 3441 704 3514 vallium
722 3442 804 3513 ima.
827 3444 868 3513 ln
883 3439 948 3512 hac
965 3439 1019 3511 ria
1038 3439 1246 3540 gradientes
1263 3463 1350 3536 sepe

277 3555 394 3628 nimio
413 3554 636 3630 vexabantur
654 3557 786 3643 imbre,
816 3559 928 3630 mixta
955 3555 1138 3631 interdum
1160 3554 1347 3658 grandine.

276 3671 482 3772 Aliquando
500 3673 721 3773 praestabant
734 3678 874 3749 cunctis
891 3702 996 3748 usum
1013 3678 1095 3777 equi
1109 3676 1146 3747 iu
1160 3664 1350 3775 paludibus

277 3790 403 3859 enecti.
425 3792 503 3888 lpse
520 3818 582 3864 rex
602 3792 786 3864 multoties
805 3793 908 3889 pedes
925 3807 1075 3865 cunctos
1091 3790 1239 3891 agiliter
1257 3815 1350 3889 prae·

276 3902 439 3991 cedebat,
470 3921 505 3978 et
537 3906 739 3981 laborantes
770 3908 933 3982 manibus
965 3909 1116 4009 impigre
1145 3903 1347 4006 adjuvabat.

277 4022 439 4096 Totidem
467 4027 665 4098 exercitum
693 4027 913 4101 incolumem
941 4052 1053 4127 usque
1077 4025 1240 4098 Cestram
1266 4049 1351 4124 per·

274 4134 399 4227 duxit,
418 4155 455 4211 et
479 4141 515 4213 in
545 4156 617 4214 tota
640 4142 861 4220 lllerciorum
882 4141 1030 4242 regione
1055 4154 1177 4221 motus
1205 4137 1351 4216 hostiles
