2768 5094
135 347 177 410 bl
294 414 306 427 Ι,
413 346 596 407 HISTORIA
619 345 923 408 tcctsssttsrtct.
996 351 1204 430 [teet-tnta]

135 424 312 559 funibui
324 464 548 539 voluntatem
562 490 662 536 suam
677 465 837 564 apernit,
856 491 982 540 omnes
994 467 1202 555 admonuit,
1241 508 1246 577 Ι

97 630 106 649 .
135 579 313 671 absolvit,
347 579 554 667 benedixit,
587 580 735 680 Deoque
766 580 1046 655 commendavit.
1082 585 1203 660 Postea

136 698 339 775 Luxovium
366 696 472 783 adiit,
502 711 539 770 et
567 698 711 797 Hugoni
737 699 926 797 episcopo,
955 727 975 772 a
1002 727 1082 801 quo
1109 703 1203 776 valde
1242 780 1246 817 Ι

136 812 335 901 amabatur,
362 839 487 885 curam
509 812 712 885 animarum
735 811 908 903 reddidit,
935 815 1062 916 sicque
1082 819 1203 892 multis
1243 872 1246 925 Ι

135 929 308 1005 flentibus
324 930 447 1002 amicis
459 944 620 1002 sanctam
632 930 960 1029 peregrinationem
973 959 1045 1032 pro
1062 933 1203 1010 Christo

136 1049 303 1147 suscepit.
318 1045 515 1120 Herbertns
525 1063 646 1120 autem
655 1045 700 1120 de
707 1046 966 1125 Monasteriolo
977 1053 1123 1150 primus
1132 1081 1204 1129 mo·

135 1163 288 1254 nachus,
316 1189 425 1264 quem
455 1163 529 1262 ipse
557 1163 595 1234 in
621 1162 780 1236 Uticensi
808 1163 954 1238 ecclesia
981 1187 1202 1269 susceperat,

136 1309 219 1357 cum
237 1307 281 1356 eo
303 1306 450 1380 peregre
467 1280 650 1379 profectus
668 1295 740 1369 est,
762 1296 799 1353 et
823 1280 1038 1357 Willermus
1056 1285 1204 1360 clericae

136 1415 379 1505 cognomento
392 1399 492 1472 Bona
506 1397 659 1487 Anima,
674 1397 837 1472 Radbodi
855 1400 1030 1500 sagiensis
1047 1405 1203 1504 episcopi

135 1518 248 1609 filins,
266 1519 330 1619 qni
347 1515 549 1591 succedenti
572 1532 736 1615 tempore
753 1517 1057 1617 Rotomagensem
1074 1537 1204 1595 metuo

135 1636 250 1737 polim
267 1635 343 1709 fere
361 1658 471 1707 xxxvi
487 1633 591 1706 annis
606 1648 732 1705 nactus
749 1648 803 1706 est
821 1635 837 1730 (
863 1636 893 1731 ).

185 1756 227 1826 ln
255 1750 380 1825 diebus
403 1749 473 1823 illis
495 1765 572 1822 erat
594 1747 776 1849 quoddam
798 1749 1013 1826 honorabile
1036 1756 1203 1832 xenodo-

137 1867 257 1943 chium
284 1867 322 1939 in
349 1863 510 1939 confinio
536 1863 787 1938 baioariorum
809 1880 846 1938 et
867 1868 1083 1962 Hunorum,
1107 1871 1202 1971 quod

136 1985 257 2062 fideles
269 2001 307 2058 et
321 1997 488 2082 potentes
501 1980 695 2054 Christiani
708 1980 752 2056 de
769 1983 1109 2083 circumjacentibus
1123 2015 1203 2089 pro·

134 2103 263 2176 vinciis
281 2101 513 2173 instituerant
527 2099 571 2170 ad
587 2099 851 2198 susceptionem
868 2126 1068 2202 pauperum
1086 2121 1125 2178 et
1139 2133 1202 2204 pe·

134 2222 366 2321 regrinorum
402 2216 471 2311 (a)
505 2217 610 2287 Tunc
643 2216 824 2315 Ansgotus
856 2218 1091 2294 Normannus
1122 2224 1201 2295 huic

134 2332 362 2411 xenodochio
396 2331 571 2403 electione
604 2330 852 2431 indigenarum
879 2355 1046 2435 praeerat.
1084 2342 1119 2414 ls
1144 2341 1202 2430 ui-

134 2453 268 2529 mirum
293 2447 438 2548 Rogerii
459 2447 642 2536 Toenitis,
666 2451 729 2547 qui
756 2451 968 2552 Hispanicus
990 2457 1200 2546 vocabatur,

134 2586 306 2669 cognatus
319 2581 415 2651 erat,
437 2582 473 2639 et
486 2565 554 2638 sub
566 2564 717 2639 ducibus
731 2569 1030 2649 Normannorum
1047 2576 1201 2651 llicerdo

133 2702 170 2760 et
198 2683 376 2759 botberto
409 2682 582 2756 nobiliter
612 2683 853 2773 militaverat;
885 2689 947 2762 sed
977 2691 1109 2766 timore
1138 2694 1199 2767 Dei

133 2817 372 2903 compunctus
396 2801 518 2874 omnia
543 2801 669 2873 mundi
693 2803 910 2904 reliquerat,
937 2825 974 2881 et
991 2813 1200 2910 peregrim-

133 2921 272 2994 tionem
306 2935 414 3019 atque
449 2933 682 3017 spontaneam
715 2940 961 3021 paupertatem
989 2927 1091 2999 omni
1130 2928 1199 3001 vita

132 3062 194 3109 sua
212 3033 402 3108 tenendam
418 3058 487 3131 pro
510 3033 655 3108 Christo
672 3037 887 3135 arripuerat.
907 3041 973 3112 Hic
990 3057 1032 3115 ut
1058 3043 1200 3117 Tende-

131 3154 249 3226 ricum
261 3149 427 3224 abbatem
441 3176 524 3222 cum
538 3151 642 3224 sociis
658 3153 730 3224 suis
747 3154 856 3242 vidit,
872 3159 1010 3255 optime
1026 3185 1199 3262 recogno·

132 3270 206 3359 vit,
229 3284 266 3342 et
282 3267 421 3367 aliquot
437 3264 563 3339 diebus
580 3284 621 3340 ut
645 3272 899 3368 compatriotas
917 3271 1122 3349 amabiliter
1143 3304 1200 3351 re·

133 3387 263 3475 tinuit,
281 3402 390 3485 atque
409 3411 556 3460 omnem
572 3385 833 3462 humanitatem
850 3391 899 3462 eis
914 3389 1093 3465 exhibuit.

179 3507 320 3580 Interea
353 3502 497 3604 quidam
534 3503 720 3602 religiosus
754 3508 1002 3582 Baioariorum
1034 3510 1198 3609 pontifex

166 3763 205 3832 (ι)
216 3759 581 3823 Gnillanmollonnc-Arne,
599 3759 814 3835 arclrevdqnede
823 3762 921 3818 llouen
936 3769 945 3831 (
958 3784 1052 3839 ¹⁰te¹
1062 3787 1070 3820 ι
1080 3774 1146 3834 ιο),
1158 3768 1199 3822 nti

132 3853 167 3908 de
181 3849 328 3911 Radbode,
343 3849 446 3921 ἐνίψω
459 3847 568 3902 deSe'rz
580 3847 767 3920 (1025-10'51)

165 3943 204 4011 (a)
220 3941 255 3993 Le
272 3949 363 3991 suvant
385 3938 422 3990 ll.
444 3936 522 3991 l‘crtz
546 3956 663 4010 suppose
682 3959 736 4012 que
753 3950 796 3994 cet
814 3941 1017 3998 ctablisscntcnt
1036 3946 1192 4019 hospitalior

134 4034 244 4105 pourait
261 4032 320 4084 titre
338 4030 409 4083 sitne
427 4050 441 4081 a
457 4028 543 4091 Molle,
559 4049 593 4083 cn
611 4031 763 4090 Autriclw.
782 4049 817 4083 on
835 4032 876 4085 l'nt
890 4034 989 4087 nablia·
1004 4037 1137 4109 vingt-six
1149 4057 1197 4092 au=

133 4123 195 4194 plns
208 4120 267 4174 latd
282 4139 334 4172 nnc
345 4118 447 4172 abbata»
458 4118 563 4173 celebre
576 4121 740 4172 (carmenum
753 4120 935 4175 Meclrlt'rrtttr
954 4146 998 4175 tru
1015 4125 1196 4179 ›tlelle'cemet
