2768 5094
298 333 357 392 418
569 330 752 392 HISTORIA
774 328 1082 392 Bcctffittsttes.
1171 336 1265 410 [mnes
1275 337 1346 413 1⁰⁸3}

296 469 447 544 vacant,
462 469 501 525 ut
509 478 586 527 sese
594 455 859 550 cmcffigentcs,
872 454 953 526 Deo
960 480 1029 554 per
1037 457 1165 528 omnia
1176 454 1345 555 placeant.

296 572 381 672 Ipsi
390 598 518 672 nempe
529 569 677 657 mundo,
697 569 964 669 mundanisque
968 574 1150 671 parasitis
1169 571 1347 661 insultant,

296 686 386 759 dum
406 685 596 758 mundana
617 683 878 757 oblectamenta
899 685 997 757 velut
1020 702 1158 760 stemus
1182 686 1347 773 devitant,

296 818 329 874 et
352 800 560 874 mundanas
582 827 669 901 opes
687 826 758 902 pno
780 826 940 900 superna
959 826 1025 901 spe
1047 801 1349 904 contemptibiliter

294 917 522 992 conculcant.
544 918 736 1017 Asperitas
755 915 829 989 illis
846 920 938 989 inest
959 934 992 988 et
1010 916 1136 991 vilitas
1156 921 1195 990 in
1212 922 1346 1008 vestitu,

293 1037 442 1109 siccitas
461 1050 495 1107 et
504 1035 673 1135 parcitas
693 1036 731 1105 in
746 1038 865 1120 victu,
886 1051 920 1106 et
937 1038 1173 1135 propriarum
1190 1042 1347 1109 resecatio

291 1152 516 1225 voluntatum
536 1167 686 1253 propter
701 1177 860 1224 amonem
880 1152 1034 1224 Domini
1052 1152 1084 1224 J
1083 1180 1161 1225 esu.
1186 1153 1292 1253 Quid
1309 1155 1347 1226 de

292 1276 459 1343 castitate
473 1286 507 1342 et
522 1271 624 1343 omni
638 1271 882 1357 continentia,
902 1270 995 1368 quid
1011 1269 1059 1341 de
1074 1271 1221 1343 silentia
1233 1298 1345 1344 mona·

291 1387 437 1462 oliorum
450 1404 484 1459 et
496 1385 693 1475 modestia,
709 1385 800 1486 quid
812 1385 969 1486 denique
983 1388 1110 1460 dicam
1123 1387 1172 1461 de
1183 1387 1342 1463 obedien·

290 1504 372 1577 tin?
386 1506 590 1576 Tantarum
602 1506 712 1603 copia
723 1506 899 1576 uirtutum
908 1504 1165 1603 magnitudine
1172 1509 1236 1578 sni
1244 1532 1343 1577 meum

289 1621 457 1697 obtundit
467 1625 665 1720 ingenium,
668 1624 866 1720 fateorque
875 1647 933 1692 me
944 1648 1132 1719 nonpossc
1144 1621 1344 1719 sufficienter

289 1741 392 1813 illam
403 1744 608 1841 exprimere
618 1765 687 1839 per
699 1741 772 1810 oris
786 1738 957 1836 officium.
977 1740 1024 1810 In
1040 1739 1231 1839 regalibus
1241 1741 1342 1813 claus-

289 1861 352 1931 tris
366 1863 444 1930 veri
455 1856 664 1944 coenobitoe,
681 1855 900 1956 uelutifilioe
912 1860 1024 1956 regis,
1044 1856 1279 1948 clauduntur,
1293 1886 1339 1937 ne,

281 1979 321 2048 si
334 2003 406 2078 per
418 1976 618 2063 exteriora,
635 1990 811 2073 tanquam
828 1974 932 2045 Dina
947 1973 1026 2044 Lice
1034 1971 1147 2072 filia,
1166 1975 1342 2076 impuden

287 2108 340 2164 ter
350 2106 562 2190 evagantur,
580 2116 605 2162 a
617 2088 763 2162 Sicliem
763 2088 851 2189 filio
864 2089 984 2160 Emor
992 2088 1031 2165 E
1032 2090 1086 2162 vei
1097 2088 1113 2187 (
1120 2090 1169 2188 t),
1185 2090 1243 2163 ad
1252 2093 1342 2190 inju-

286 2211 382 2283 riam
393 2208 508 2309 rigidi
518 2211 650 2309 patris,
651 2203 906 2307 seemciumque
917 2205 1075 2278 dedecus
1075 2202 1259 2303 fratrum,
1273 2225 1342 2278 tur-

283 2328 382 2427 piter
389 2341 679 2426 corrumpantur.
694 2323 780 2423 Ipsi
789 2338 935 2410 tutores,
950 2347 995 2394 ne
1008 2320 1183 2394 labantur
1192 2325 1233 2395 in
1247 2329 1344 2426 septis

286 2445 376 2529 suis,
391 2440 578 2533 sibistunt,
593 2456 627 2512 et
644 2441 739 2539 lapsi
749 2464 818 2537 per
828 2463 1030 2525 excessum,
1050 2440 1089 2509 in
1098 2439 1343 2541 penetralibus

287 2561 365 2629 suis
384 2574 616 2630 accusatores
632 2558 694 2639 sui
707 2571 814 2641 sunt,·
827 2581 993 2655 seseque,
1011 2573 1052 2626 ut
1069 2582 1202 2628 aurum
1218 2558 1257 2629 in
1261 2560 1344 2656 jor-

288 2699 397 2774 noce,
417 2672 465 2744 ab
483 2675 585 2745 omni
602 2674 726 2745 scoria
737 2676 907 2744 uitiorum
920 2673 1137 2746 omnimodis
1154 2700 1346 2776 excoquere

286 2805 473 2889 satagunt.
490 2789 594 2862 Unde
607 2815 688 2862 neor
692 2813 820 2890 preces
834 2814 955 2860 eorum
968 2789 1054 2890 (pro
1066 2789 1345 2891 quibuscumque

275 2905 602 3007 fidelibussuen’nt
618 2907 767 3006 effusa)
785 2922 871 2979 ante
886 2907 1052 2979 thronum
1067 2906 1202 2982 ditinoe
1218 2911 1344 3010 majes-

288 3025 374 3096 tatis
390 3049 478 3096 moc
489 3021 741 3110 conscendere,
760 3039 794 3094 et
807 3021 855 3094 ab
873 3029 953 3123 rpso
970 3049 1054 3123 rege
1068 3022 1247 3116 Sabaoth,
1267 3053 1346 3124 qua

280 3140 534 3240 poposcerim,
557 3136 750 3210 credendae
765 3152 849 3210 sunt
864 3136 1031 3211 obtinere.
1052 3146 1089 3211 Α
1105 3144 1249 3213 secretis
1268 3168 1345 3213 mo-

288 3254 487 3329 nachorum
511 3281 536 3326 a
553 3256 738 3355 juventute
759 3280 842 3325 mea
866 3254 1004 3327 diutius
1025 3256 1150 3345 ectiti,
1179 3272 1214 3328 et
1233 3283 1345 3331 mores

287 3398 421 3461 eorum,
428 3369 671 3471 familiariter
688 3374 854 3459 rimatus,
868 3369 1014 3444 edidici.
1029 3372 1148 3471 Ergo,
1161 3371 1252 3445 dum
1266 3401 1344 3446 om·

287 3494 409 3578 nium,
429 3491 547 3588 quiin
568 3505 662 3560 terra
684 3506 786 3577 sunt,
815 3488 1022 3562 mortalium
1041 3491 1149 3562 ritum
1170 3490 1341 3580 discutio,

286 3622 321 3676 et
352 3610 579 3677 eremitarum
604 3621 714 3703 atque
745 3607 1005 3678 canonicorum
1032 3607 1130 3679 nitas
1154 3605 1348 3707 diligenter

283 3723 463 3820 perspicio
472 3779 485 3811 ,
510 3745 632 3793 ornnes
650 3721 906 3792 monachorum
915 3779 928 3810 ,
948 3725 1014 3820 qui
1030 3726 1206 3795 canonice
1226 3731 1345 3797 vivant

286 3854 319 3906 et
354 3838 520 3908 ordinate
550 3856 731 3937 reguntur,
762 3841 840 3911 vita
870 3836 1056 3945 inferiores
1088 3841 1208 3912 video.
1242 3843 1345 3914 Lude

320 4093 359 4161 (t)
378 4094 449 4146 liscz
484 4092 586 4145 Ilrnmr
598 4092 701 4147 tta-nt.
715 4095 787 4149 Gon.
800 4113 883 4159 xxxiv,
902 4117 908 4148 t
