2768 5094
288 377 348 438 aaa
566 374 748 436 nrsroan
769 368 1074 434 ucctrsnsnm.
1146 377 1333 452 [menn

291 495 427 568 latenus
446 494 665 567 successione
683 493 737 566 vel
756 494 957 567 mutatione
973 492 1156 566 haeredum
1174 493 1337 566 Manlien·

289 614 335 683 sis
362 611 504 685 ecclesia
533 609 745 709 praedictum
773 610 910 683 donum
937 610 1123 709 perderet,
1152 611 1337 710 meritoque

290 756 357 828 pro
370 728 555 801 animabus
572 727 731 801 filiorum
745 731 819 827 ejus
836 759 844 799 :
861 728 971 815 Petri,
988 726 1129 799 Arnulli
1144 743 1179 798 et
1193 727 1336 811 Milonis,

290 848 515 945 aliorumque
544 846 743 919 amicorum
770 849 843 944 ejus
873 845 987 917 Deum
1012 845 1149 944 jugiter
1174 862 1337 917 exoraret.

290 964 413 1036 Paucis
435 962 589 1063 denique
617 965 801 1035 transactis
823 960 966 1049 diebus,
992 963 1145 1061 contigit
1163 960 1340 1060 praefatum

290 1081 452 1153 Odonem
482 1079 671 1151 infirmari.
690 1080 746 1151 Ex
770 1106 839 1179 qua
868 1078 1095 1163 infirmitate,
1122 1077 1222 1150 relut
1237 1074 1342 1152 bonu

291 1199 385 1270 filins
411 1197 455 1270 de
475 1197 614 1295 llagello
635 1198 765 1296 patris,
787 1196 962 1294 prolicere
978 1197 1145 1293 cupiens,
1166 1197 1342 1292 conjugem

289 1339 388 1383 suam
416 1311 632 1399 Beliandcm,
665 1338 799 1383 nurum
828 1337 973 1411 quoque
1001 1338 1099 1382 snam
1129 1310 1342 1391 Corneliam,

291 1427 400 1501 liliam
420 1453 565 1529 quoque
586 1427 743 1498 Siciliam
765 1453 845 1498 eum
867 1453 999 1526 genero
1020 1452 1086 1498 sno
1108 1424 1290 1498 Ganfredo
1308 1424 1344 1496 ad

290 1571 325 1615 se
349 1544 579 1625 convocavit,
605 1544 726 1642 eisque
755 1541 1018 1626 annuentibus,
1050 1568 1176 1612 omnes
1203 1540 1344 1611 decimas

290 1685 368 1730 suas
395 1659 488 1744 Deo,
513 1673 716 1756 sanctaeque
742 1657 866 1729 Mariua
890 1657 1047 1728 donavit.
1069 1656 1172 1729 Unde
1195 1657 1343 1754 praelata

290 1776 476 1862 mulieres,
503 1802 680 1846 unacum
707 1775 909 1860 Gaulred0,
938 1802 980 1848 ex
1007 1775 1143 1848 Odonis
1172 1789 1343 1872 praecepto

290 1892 485 1964 Ecclesiam
511 1892 713 1990 petierunt,
742 1907 777 1963 et
799 1891 935 1962 donum
958 1916 1064 1988 super
1089 1889 1199 1962 altare
1224 1915 1343 1988 posue-

292 2024 392 2079 ruut.
416 2006 498 2098 Quo
516 2008 622 2094 lacto,
643 2004 856 2104 aegritudine
874 2007 1151 2105 ingravescente,
1173 2005 1286 2076 factus
1301 2018 1343 2075 est

293 2123 424 2196 ibidem
442 2123 657 2209 monachus,
681 2138 716 2195 et
741 2124 776 2194 in
798 2123 989 2194 infirmaria
1015 2122 1277 2193 monachorum
1293 2125 1344 2218 ja-

292 2241 367 2310 cuit
379 2264 402 2310 x
418 2238 556 2311 diebus.
576 2242 712 2312 lnterea
726 2240 929 2312 Gualterius
941 2239 1077 2324 Audax,
1098 2237 1193 2309 lilius
1210 2241 1296 2335 ejus,
1308 2237 1344 2307 dc

293 2355 537 2450 Trecassiuo(r
547 2357 574 2447 l,
589 2353 649 2425 ubi
659 2354 1024 2441 diumoratusfuerat‚
1034 2354 1191 2439 advenit,
1201 2368 1345 2452 patrem·

291 2497 361 2568 que
379 2467 494 2540 adhuc
513 2471 689 2542 viventem
708 2472 855 2568 reperit.
871 2470 900 2540 Α
917 2495 991 2569 quo
1004 2485 1163 2568 rogatus,
1178 2468 1345 2569 quidquid

291 2587 434 2684 genitor
453 2585 620 2656 Ecclesiae
638 2587 701 2656 Dei
722 2584 887 2673 dederat,
907 2602 943 2657 et
962 2602 1125 2685 parentes
1142 2585 1195 2656 sui
1215 2612 1347 2657 annue·

291 2716 394 2787 rant,
416 2700 488 2800 ipse
502 2701 677 2774 concessit
693 2731 701 2771 :
720 2701 787 2772 tria
802 2701 965 2773 videlieet
975 2705 1096 2800 jugera
1117 2718 1247 2784 terrae,
1266 2703 1346 2771 dnos

292 2816 365 2888 vini
387 2816 527 2889 modios
550 2842 772 2917 unoquoque
790 2845 907 2905 anno,
928 2844 1053 2891 omnes
1075 2817 1242 2903 decimas,
1268 2843 1347 2917 quas

292 2949 392 3032 pater
409 2935 483 3029 ejus
503 2931 704 3030 possederat
723 2935 759 3005 in
780 2959 942 3020 annona,
965 2935 1001 3006 in
1019 2936 1104 3006 vino
1122 2949 1158 3006 et
1176 2933 1212 3004 iu
1232 2932 1348 3031 primi·

292 3048 360 3119 tiis.
375 3045 536 3140 Quarum
547 3048 710 3119 omnium
723 3075 863 3134 rerum,
878 3065 1025 3122 mortuo
1039 3064 1137 3146 patre
1149 3064 1185 3120 et
1198 3047 1345 3146 sepulto,

291 3162 494 3235 Gnalterius
517 3160 654 3236 donum
678 3190 784 3260 super
805 3163 914 3235 altare
938 3165 975 3235 S.
1000 3165 1062 3235 Dei
1084 3164 1270 3260 geuitricis
1291 3188 1349 3260 per

293 3305 406 3351 tartum
427 3276 560 3350 librum
579 3281 699 3366 misit,
720 3296 756 3351 et
779 3297 917 3379 patrem
943 3282 1118 3363 imitatus,
1150 3280 1219 3350 huc
1245 3305 1349 3379 usque

292 3396 408 3468 bontn
424 3397 685 3471 monachorum
704 3399 840 3469 ricinus
858 3399 987 3472 extitit.

341 3514 520 3613 Tempore
537 3515 697 3612 Hugonis
713 3514 757 3586 de
770 3515 902 3586 Vaceio
918 3517 970 3610 (a)
987 3529 1022 3585 et
1039 3511 1169 3599 David,
1183 3513 1349 3584 aliorum·

289 3657 360 3731 quc
370 3631 547 3730 priorum,
562 3631 623 3730 qui
638 3631 781 3702 lllanliae
793 3629 1046 3702 laboraverunt
1058 3629 1210 3718 utiliter,
1223 3644 1346 3701 uotum

291 3749 361 3819 fuit
390 3749 533 3836 multis,
560 3763 759 3847 notumque
782 3748 860 3819 l'ore
885 3747 1050 3819 volumus
1075 3747 1226 3844 posteris
1255 3743 1348 3842 quod

295 3935 389 3944 ——-

326 4040 334 4095 ζ
342 4042 363 4102 ι)
383 4037 419 4088 Le
433 4038 572 4090 territoirc
585 4039 619 4090 ‹lc
633 4040 737 4091 'l'rovcs
754 4060 787 4092 cn
803 4040 991 4111 Cbarnpagnc.

327 4129 365 4197 (a)
383 4127 458 4179 (iace
473 4128 582 4193 (Ornet
