2768 5094
292 363 331 423 n
564 366 746 427 nrsronn
768 362 1070 425 sccrtsnsrrca.
1146 366 1347 440 [rosarum

290 481 393 554 fratri
412 507 476 554 suo
492 499 783 580 praesentaverat,
804 500 839 557 et
855 483 1067 556 Willermus
1083 483 1253 582 ejusdem
1268 508 1348 584 pre·

290 597 374 669 sulis
388 594 482 667 lilius
496 594 540 669 de
554 622 690 671 camera
704 600 813 699 patris
830 599 883 670 sui
899 597 1123 671 familiariter
1140 597 1346 679 sustulerat,

291 713 501 812 dilectaeque
523 741 595 786 suae
619 718 762 817 conjugi
786 715 947 787 Hadvisae
973 714 1196 789 omnimodis
1220 714 1347 814 placen·

293 828 415 901 rolens
427 829 603 904 detulerat
615 833 679 930 (1).
695 833 772 905 Alia
788 857 932 932 quoque
943 830 1056 902 multa
1071 830 1172 905 bona
1185 830 1348 930 praefatus

293 947 349 1018 vir
364 949 519 1022 ecclesiae
535 976 608 1023 suae
624 952 832 1052 adquisivit,
851 966 887 1023 et
905 965 977 1023 tam
996 951 1032 1020 in
1050 950 1284 1022 ornamentis
1300 974 1348 1023 ec·

293 1062 513 1155 clesiasticis,
532 1092 640 1168 quam
659 1070 695 1141 in
717 1065 919 1143 necessariis
936 1065 1101 1138 subsidiis
1118 1064 1348 1164 procurandis

293 1178 466 1255 frutribus
482 1183 707 1284 acceptabilis
725 1184 806 1257 luit.

342 1300 404 1373 lll.
420 1300 643 1376 Venerabilis
659 1319 778 1376 autem
790 1301 1005 1376 Teodericus
1021 1297 1129 1371 abbas
1147 1300 1348 1373 monastice

295 1415 460 1515 religioni
472 1415 653 1491 ferventer
666 1417 861 1505 insistebat,
875 1433 910 1491 et
922 1414 989 1488 sibi
999 1415 1201 1488 commissae
1212 1438 1349 1515 congre

295 1533 430 1632 gationi
448 1532 567 1607 verbis
583 1552 619 1608 et
634 1533 803 1635 operibns
819 1532 984 1635 prodesse
1001 1530 1184 1605 studebat.
1204 1532 1276 1604 Hic
1293 1528 1349 1603 suit

296 1650 442 1722 natione
475 1651 727 1740 Normannus,
764 1651 808 1724 de
840 1650 1025 1751 provincia
1060 1647 1272 1748 Talogiensi
1305 1646 1349 1744 (a)

296 1763 488 1853 oriundus,
522 1782 655 1839 statura
685 1766 894 1854 mediocris,
926 1762 1071 1864 eloquio
1099 1765 1244 1850 suavis,
1276 1760 1350 1834 lacit

298 1876 537 1971 rubicundus,
569 1884 675 1956 sacris
704 1881 834 1956 litteris
860 1881 1039 1967 eruditus,
1070 1893 1107 1951 et
1135 1877 1182 1949 ab
1213 1876 1349 1951 infant'a

297 2022 408 2099 usqae
432 1996 476 2083 ad
496 2026 602 2075 canos
624 2002 751 2075 divino
776 2000 888 2073 cultui
913 1999 1148 2095 mancipatus.
1176 1995 1249 2069 Sed
1274 1996 1349 2066 sicut

298 2114 429 2188 zimnia
454 2119 491 2188 in
517 2145 629 2191 messe
657 2119 795 2190 triticea
823 2117 1032 2213 importune
1060 2111 1252 2198 oriuntur,
1283 2134 1350 2208 quc

299 2244 462 2329 tempore
477 2235 663 2305 messionis
677 2260 696 2303 a
714 2230 878 2330 diligenti
896 2255 1051 2302 messore
1067 2225 1236 2299 funditus
1252 2224 1350 2300 eradi

298 2344 490 2432 rabuntur,
517 2347 662 2446 ignique
686 2372 762 2420 non
790 2347 950 2445 parcenti
981 2343 1190 2432 tradentur3
1221 2344 1272 2415 sic
1299 2338 1350 2412 filii

299 2485 452 2560 nequam
470 2481 729 2537 succrescentes
745 2463 878 2562 agmini
895 2463 1041 2562 piorum
1059 2461 1287 2548 inseruntur,
1304 2454 1352 2529 sol

300 2601 318 2644 a
332 2579 430 2673 justo
442 2577 561 2675 judice
584 2578 766 2679 praefinito
784 2596 946 2678 tempore
961 2576 1191 2676 detegentur,
1211 2572 1352 2649 meritis

299 2716 370 2792 que
383 2695 565 2794 suppliciis
578 2695 738 2770 districte
749 2693 961 2769 subdentur.
978 2693 1052 2767 Sub
1066 2692 1224 2793 praefato
1238 2690 1352 2766 abbate

301 2810 496 2883 monachus
512 2812 657 2912 quidam
671 2813 819 2887 nomine
834 2814 1015 2886 Romanus
1030 2811 1066 2882 in
1082 2809 1249 2883 Uticensi
1262 2830 1353 2910 grege

302 2927 592 3017 conversabatur,
612 2931 675 3029 qui
702 2930 876 3003 instinctu
899 2927 1073 3000 daemonis
1092 2927 1283 3012 staminia,
1308 2922 1354 2996 le·

304 3044 451 3115 moralia
481 3061 519 3118 et
538 3061 664 3118 caetera
689 3045 890 3145 hujusmodi
914 3042 1115 3116 furabatur.
1142 3041 1216 3133 Qui
1238 3042 1353 3116 duma

305 3175 405 3257 patre
418 3161 618 3235 Tcoderico
630 3189 696 3235 cnr
708 3164 789 3235 talia
803 3161 961 3234 facinora
978 3172 1222 3261 perpetraret,
1240 3157 1355 3257 saepim

304 3277 566 3376 corriperetur,
595 3281 748 3352 omnino
770 3278 909 3350 furtum
939 3304 975 3350 se
1002 3277 1123 3348 fecisse
1146 3272 1354 3376 denegabat,

305 3393 404 3493 quod
419 3396 600 3470 multoties
621 3396 727 3495 paulo
744 3409 826 3495 post
841 3392 1094 3470 confitebatur.
1117 3389 1283 3484 Quadam
1301 3414 1356 3462 an·

306 3528 379 3585 tcm
399 3530 506 3587 nocte
525 3513 612 3586 dum
633 3515 670 3585 in
697 3513 789 3585 lecto
813 3536 879 3585 suo
897 3514 1047 3609 jaceret,
1079 3523 1246 3607 arreptus
1271 3522 1357 3581 esta

341 3773 349 3836 (
357 3773 379 3839 r)
392 3772 431 3824 Ce
442 3789 610 3843 personnage
623 3779 705 3841 ayant
719 3771 820 3841 e'pouse
833 3769 965 3834 Hadriae,
981 3769 1048 3820 erait
1061 3767 1166 3820 deveno
1181 3765 1207 3821 le
1218 3766 1361 3836 beaupr«

308 3859 452 3928 ‹l‘llugnes
463 3859 536 3913 etde
551 3859 671 3924 Robert,
687 3876 727 3911 ses
741 3857 848 3911 enlants
862 3859 899 3910 dn
913 3856 1034 3930 premier
1047 3854 1088 3908 lit.

344 3948 382 4016 (a)
396 3948 432 4001 le
445 3946 542 4000 Talon.
557 3947 634 4001 Ainsi
648 3964 702 4019 que
726 3964 794 3999 noris
813 3946 913 3999 l'avons
931 3943 992 4013 dej'a
1008 3944 1152 4015 remarqnd
1168 3939 1295 4001 allieurs,
1312 3937 1361 3990 tta·

311 4037 434 4103 tonsille,
451 4040 540 4111 patric
549 4036 587 4090 du
600 4036 790 4092 bicnlnnnrnx
805 4022 932 4097 Titii-mi,
949 4035 1148 4106 n'nppartcnait
1163 4051 1210 4104 pas
1223 4050 1259 4085 au
1269 4028 1361 4085 tator.

314 4131 404 4182 maisit
419 4148 445 4180 sa
460 4128 600 4182 lrnntlire.
