2768 5094
264 411 282 468 s
535 404 719 465 nrsronn
741 404 1046 467 sccsmnsnct.
1163 407 1324 485 [sisso]

263 524 454 624 protrivit,
473 522 691 624 assiduisque
708 525 842 624 rapinis
858 539 895 596 et
912 523 1085 596 incendiis
1103 550 1196 622 pene
1217 542 1325 597 totam

262 639 415 712 Galliam
437 665 548 738 usque
573 640 611 710 in
635 638 878 738 Burgundiam
894 637 1089 711 devastavit
1105 641 1172 736 (r).
1194 641 1326 712 Tantos

264 757 417 853 impetus
439 753 552 827 Gallis
575 781 651 829 non
673 754 894 844 serentibus,
916 757 1127 856 cunctisque
1151 782 1221 856 pro
1249 781 1327 854 pace

262 874 507 946 communiter
516 871 814 973 supplicantibus,
826 873 976 947 Carolus
987 901 1049 947 rex
1062 872 1211 947 Rolloni
1223 873 1327 947 filiam

262 1015 363 1061 snam
382 990 529 1062 nomine
545 989 682 1062 Gislam
699 987 797 1062 dedit
820 989 859 1061 in
881 990 1173 1075 matrimonium,
1193 1003 1328 1062 totam-

263 1131 335 1205 que
366 1122 500 1178 terram
530 1133 548 1176 a
575 1106 746 1194 llumine,
777 1106 876 1206 quod
904 1107 995 1204 Epta
1026 1121 1190 1193 vocatur,
1223 1131 1328 1205 nsque

248 1222 306 1293 ad
328 1248 425 1295 mare
446 1222 649 1310 Oceanum,
674 1223 713 1294 in
733 1237 949 1322 perpetuum
973 1222 1224 1321 possidendam
1247 1222 1329 1295 reli-

264 1338 356 1437 quit.

308 1453 416 1528 Anno
429 1453 600 1554 itaqueab
614 1455 861 1527 incarnatione
873 1456 1019 1526 Domini
1029 1469 1212 1526 nccccxn·
1227 1453 1329 1527 Rullo

265 1571 340 1642 dux
352 1597 371 1640 a
384 1570 522 1643 domno
535 1572 562 1642 F
565 1596 720 1643 rancone
733 1571 1049 1669 Rotomagensium
1064 1569 1331 1669 archiepiscopo

268 1684 465 1784 baptisatus
482 1702 552 1774 est,
573 1686 748 1786 idolisque
765 1686 999 1784 contemptis,
1018 1682 1150 1785 quibus
1168 1701 1255 1759 ante
1274 1683 1332 1756 de-

268 1805 457 1890 servierat,
481 1829 563 1874 cum
586 1819 666 1876 toto
688 1804 847 1876 exercitu
863 1830 928 1877 suo
945 1802 1074 1877 devote
1092 1801 1334 1874 christianita-

270 1937 343 1994 tem
369 1922 545 2019 suscepit3
570 1920 828 2021 completisque
854 1922 1015 2020 quiinqne
1040 1922 1167 2008 annis,
1193 1948 1236 1992 ex
1264 1945 1333 2019 quo

269 2037 469 2137 baptizatus
484 2053 555 2124 est,
573 2036 680 2111 obiit.
696 2038 903 2111 Willelmus
918 2055 1037 2110 autern
1055 2038 1148 2110 filius
1163 2041 1259 2136 ejus,
1275 2037 1333 2136 qui

271 2168 354 2251 post
376 2181 459 2226 enm
475 2179 548 2226 xxv
567 2154 670 2225 annis
690 2154 860 2225 ducatum
877 2153 1175 2226 Normannorum
1201 2156 1334 2236 tenuit,

272 2270 556 2345 Gemmetieense
571 2271 828 2344 monasterinm
839 2324 850 2360 ,
861 2271 959 2370 quod
972 2269 1336 2343 sanctnsPhilibertus

274 2401 541 2472 construxerat,
557 2388 616 2458 sed
632 2386 823 2486 Hastingus
835 2387 1077 2473 destruxerat,
1094 2388 1129 2457 in
1144 2386 1337 2485 pristinum

274 2517 407 2573 statum
421 2503 579 2574 restituit
593 2505 607 2599 (
631 2504 657 2599 )

312 2757 351 2825 (ι)
375 2755 480 2809 Toutes
492 2773 538 2809 ces
553 2754 727 2828 expeditioris
745 2755 781 2809 de
793 2755 908 2824 Rollon,
924 2756 959 2810 de
978 2757 1068 2812 meme
1080 2774 1136 2830 que
1152 2773 1202 2809 son
1223 2755 1340 2824 mariage

276 2862 340 2898 avec
353 2843 463 2911 Gisele,
474 2863 508 2898 ne
521 2855 600 2911 sont,
615 2844 723 2898 suivant
736 2862 821 2912 nous,
836 2864 892 2919 que
905 2846 955 2901 des
966 2846 1147 2902 attributious
1160 2849 1175 2899 a
1187 2863 1220 2900 oe
1232 2845 1300 2898 eliel
1309 2843 1339 2896 de

278 2933 341 2987 faits
350 2934 505 2987 anterieurs
517 2932 664 3004 defigurea.

312 3023 352 3089 (a)
365 3018 387 3073 ll
399 3031 441 3074 est
453 3031 581 3075 constant
594 3040 644 3092 par
656 3020 681 3073 la
691 3021 788 3076 charte
796 3021 832 3077 de
843 3021 967 3076 Richard
978 3022 1011 3076 l⁰'
1023 3041 1058 3076 en
1072 3022 1167 3076 laveur
1180 3021 1220 3074 du
1235 3038 1337 3076 monas

278 3111 336 3162 tere
356 3108 392 3163 de
411 3111 483 3164 saint
499 3110 583 3163 Dcnis
595 3109 685 3179 (Hist.
699 3110 735 3165 de
749 3112 871 3181 France,
889 3123 911 3167 t.
930 3131 969 3180 n,
988 3133 1015 3186 p.
1039 3111 1121 3189 731),
1140 3131 1195 3186 que
1209 3131 1260 3166 son
1273 3108 1339 3164 ateul

278 3197 379 3252 Rollon
391 3200 448 3270 prit
459 3199 484 3252 le
496 3217 560 3252 nom
571 3198 606 3254 de
619 3199 740 3268 liobam
754 3198 857 3257 c’estla
870 3203 945 3258 seule
956 3222 1058 3276 preuve
1066 3202 1251 3275 authentiqne
1260 3201 1339 3276 qu’ou

278 3286 392 3360 posside
410 3286 445 3341 de
465 3306 514 3342 son
534 3287 678 3361 baptenti,
700 3302 729 3345 et
750 3308 820 3345 noos
833 3309 951 3365 croyons
964 3292 1080 3365 pouvoir
1090 3291 1195 3348 douter
1210 3291 1279 3365 qu'il
1292 3292 1340 3344 soit

152 3435 164 3451 ,
279 3381 351 3433 reste
366 3397 403 3431 un
424 3377 550 3432 chretien
564 3378 636 3433 aussi
650 3378 731 3434 fidele
752 3391 781 3435 et
794 3382 866 3434 aussi
884 3381 1059 3455 serventque
1081 3380 1107 3435 le
1122 3398 1243 3453 suppose
1265 3389 1340 3434 notre

276 3479 384 3521 auteur.
396 3468 559 3540 Cependant
570 3468 588 3521 il
603 3469 692 3540 parsit
701 3473 781 3523 ave're'
790 3470 858 3544 qn’il
869 3471 898 3524 fit
908 3470 957 3524 des
967 3470 1114 3526 donationi
1122 3488 1158 3524 ou
1171 3470 1341 3524 restitutiout

276 3562 292 3612 'a
306 3556 442 3629 plusieurs
454 3557 568 3629 eglises,
590 3569 763 3613 notamment
780 3563 795 3613 'a
815 3559 897 3615 celles
910 3560 945 3615 de
957 3561 1138 3616 silut-Deoia
1150 3578 1186 3613 en
1202 3560 1306 3614 Franco
1316 3567 1341 3610 et

277 3646 312 3701 de
325 3648 504 3702 saint-Ouen
517 3646 552 3700 de
564 3647 673 3701 Rauen.

313 3738 409 3805 Quant
421 3741 435 3790 'a
446 3736 470 3788 la
486 3736 597 3790 lintion
611 3736 646 3790 de
659 3736 684 3789 la
696 3747 768 3789 mort
777 3735 814 3790 de
823 3756 854 3792 ce
864 3739 931 3794 chel
940 3739 988 3792 des
1003 3738 1159 3794 Normands
1171 3738 1207 3793 dc
1217 3738 1243 3792 la
1253 3738 1342 3799 Seius,

277 3826 342 3898 cinq
355 3843 403 3880 ans
422 3827 500 3898 apres
521 3843 570 3879 son
592 3825 735 3897 baptime,
754 3826 926 3883 dest-adire
945 3847 980 3881 en
1005 3848 1072 3904 9¹7·
1094 3830 1160 3884 c’est
1180 3847 1236 3882 unc
1249 3844 1344 3882 emur

278 3916 413 3986 grossiire
426 3917 543 3968 araneae
558 3933 607 3986 par
621 3913 737 3977 lludon,
762 3920 914 3990 strepitos
931 3935 992 3971 sans
1005 3937 1119 3973 exanren
1141 3937 1191 3990 par
1212 3928 1277 3971 tous
1298 3933 1346 3971 nos

277 4015 371 4058 autres
384 4005 535 4059 historiens
544 4004 582 4058 du
593 4022 691 4076 moyen
701 4005 768 4077 ige,
779 4009 847 4062 mais
861 4009 879 4063 il
888 4019 931 4062 est
943 4008 1055 4063 ditlicile
1066 4009 1112 4080 d’y
1127 4008 1282 4063 substituer
1294 4025 1348 4060 sine

275 4090 340 4149 &te
363 4095 477 4167 precise.
502 4093 643 4147 Plusieurs
663 4097 829 4151 manuscrits
850 4096 888 4152 du
906 4098 1061 4153 Climaicon
1077 4099 1264 4164 Saxonicum,
1280 4096 1348 4150 dont

277 4176 336 4234 l'uu
356 4192 483 4237 renionte
493 4180 603 4254 jusqn'a
616 4178 723 4236 l’anne'e
741 4202 815 4250 ιοοι,
837 4184 862 4240 la
880 4186 989 4259 placent
1011 4186 1111 4261 quinte
1130 4203 1179 4242 ans
1198 4187 1281 4256 apres
1299 4202 1351 4239 son
