2768 5094
155 407 191 464 n
426 403 611 464 nisronn
633 402 938 465 nocturnum.
1008 406 1215 483 [insono]

201 525 357 595 Baiones
386 521 642 610 Normanniae,
667 523 872 622 principum
900 544 1050 599 suorum
1076 539 1218 597 tantum

152 637 333 711 fervorem
355 664 435 738 erga
459 653 618 711 sanctam
641 639 852 738 religionem
878 639 1059 726 videntes,
1080 624 1217 712 imitari

153 757 387 843 affectarunt,
413 771 449 829 et
467 756 510 827 ad
531 756 647 831 simile
666 783 757 855 opus
774 783 811 830 se
830 782 982 856 suosque
999 758 1135 830 amicos
1153 782 1219 856 pro

155 873 268 946 salute
288 873 490 945 animarum
514 900 657 946 suarum
684 876 899 947 excitarunt.
918 874 1021 947 Unus
1044 874 1157 947 alium
1183 875 1218 945 in

154 988 255 1062 bono
269 1016 377 1088 opere
390 989 582 1064 festinabat
593 992 740 1090 praeire,
755 992 1137 1092 eleemosynarumque
1155 992 1220 1064 lar·

154 1106 263 1203 gitate
287 1106 444 1204 digniter
463 1133 641 1205 superare.
667 1107 825 1206 Quisque
850 1122 1042 1206 potentum
1066 1134 1103 1180 se
1129 1105 1218 1180 deri·

156 1222 257 1295 sione
273 1222 423 1321 dignum
436 1221 637 1320 judicabat,
657 1223 684 1294 si
711 1222 858 1296 clericos
881 1237 944 1294 aut
966 1221 1164 1296 monachos
1185 1223 1219 1294 in

157 1365 217 1417 sua
241 1338 460 1436 possessione
477 1337 520 1411 ad
536 1340 600 1411 Dei
618 1337 785 1411 militiam
801 1336 908 1412 rebus
926 1339 1132 1411 necessariis
1149 1364 1220 1411 non

157 1453 390 1527 sustentabat.

207 1574 322 1670 Igitur
340 1574 513 1672 Rogerius
532 1570 576 1644 de
592 1573 733 1645 Toenio
751 1569 962 1662 coenobium
980 1568 1220 1657 castellionis,

158 1687 243 1760 alias
259 1687 303 1761 de
323 1687 478 1761 Conchis
494 1689 718 1775 construxit,
739 1687 800 1760 ubi
820 1687 1004 1762 Gilbertus
1022 1685 1151 1775 abbas,
1172 1687 1224 1759 vir

159 1830 298 1902 magnae
312 1802 505 1877 honestatis
518 1820 551 1876 et
567 1805 763 1902 sapientiae,
779 1802 1004 1876 landabiliter
1014 1804 1169 1901 lloruit(
1194 1803 1222 1898 )

160 1918 371 1994 Goseelinus
387 1919 430 1993 de
444 1919 570 1994 Archis
586 1936 684 1993 extra
703 1947 825 1994 muros
842 1923 1029 2020 Rotomagi
1047 1923 1084 1993 in
1101 1937 1225 1994 monte

160 2057 292 2112 sanctie
308 2041 498 2113 Trinitatis
515 2038 746 2127 coenobium,
767 2039 865 2139 quod
879 2039 987 2139 vulgo
1004 2055 1137 2111 sanctae
1155 2039 1225 2114 Ca-

162 2156 316 2231 tharinae
328 2158 475 2246 dicitur,
492 2157 673 2245 fundavit3
690 2159 747 2229 eui
761 2156 982 2229 venerandus
994 2155 1102 2228 abbas
1115 2158 1225 2229 lsem-

160 2272 285 2348 bertus
302 2275 471 2373 sapientia
487 2290 524 2347 et
540 2274 714 2373 religione
726 2272 865 2371 pollens
881 2273 1030 2371 praeluit
1042 2273 1114 2371 (2).
1130 2272 1224 2345 Wil-

161 2583 251 2639 Cerisi
265 2607 271 2637 :
285 2584 320 2638 In
332 2582 456 2639 Rodomo
465 2587 587 2651 civitate,
599 2593 720 2655 tempore
729 2583 846 2638 loannis
856 2600 953 2655 papa,
964 2601 1039 2637 anno
1049 2582 1085 2636 ab
1097 2586 1226 2637 incarna-

163 2677 235 2727 tione
254 2674 367 2728 Domini
378 2683 408 2728 ιιο
420 2684 481 2729 ιιι·
495 2683 526 2728 ιι·
529 2716 628 2730 .....
643 2672 733 2744 pridie
746 2672 811 2727 idus
826 2671 992 2739 novembris,
1007 2690 1063 2745 que
1079 2671 1105 2725 le
1127 2689 1157 2726 ia
1176 2690 1226 2727 no·

164 2761 275 2816 vembre
291 2759 355 2816 1032
370 2762 438 2816 enit
454 2762 575 2835 eoniprie
592 2760 660 2816 dane
672 2760 698 2815 la
710 2761 866 2835 cinquieme
879 2762 967 2814 annte
978 2761 1058 2832 apres
1071 2771 1115 2835 oet
1127 2763 1224 2814 mene-

165 2862 242 2906 ment
256 2874 262 2905 ε
276 2851 504 2908 Nomtannorum
517 2863 625 2908 tenente
638 2854 792 2908 Primatum
805 2853 962 2907 marchione
975 2852 1107 2919 lieberto,
1120 2856 1225 2925 prima-

166 2951 210 2995 tus
231 2943 292 3016 q'us
310 2961 385 2997 anno
400 2949 440 2996 ν’.
457 2942 480 2997 ll
495 2942 580 2998 saluit
599 2944 742 3018 doneque
761 2942 883 2998 Richard
900 2944 942 2997 lll
956 2942 999 2997 liat
1018 2953 1092 2997 mort
1108 2943 1227 2998 arantle

167 3045 198 3082 aa
217 3028 366 3083 novembre
388 3030 463 3085 1028.
478 3030 622 3086 peut-ene
636 3042 708 3085 nette
720 3043 793 3085 mort
811 3029 964 3086 sera-telle
980 3031 1084 3085 arrivie
1103 3050 1138 3085 au
1157 3032 1226 3086 mois

164 3118 258 3173 d'aoiit
271 3137 379 3174 comme
392 3120 460 3174 oelle
474 3119 509 3175 de
522 3138 569 3174 son
585 3122 666 3194 pere,
681 3132 709 3175 et
721 3122 882 3177 aura-telle
897 3121 990 3175 donne
1003 3120 1058 3175 lieu
1071 3139 1125 3175 aux
1139 3122 1225 3175 varia-

164 3209 238 3264 tions
256 3227 312 3283 que
326 3226 397 3263 nous
414 3227 516 3264 venons
532 3208 568 3263 de
586 3210 654 3264 laire
674 3229 835 3286 remarquer
850 3211 1037 3266 relativement
1049 3214 1064 3265 i
1078 3209 1103 3265 la
1117 3210 1226 3265 lintion

164 3298 205 3354 du
211 3299 277 3372 jour
289 3298 328 3353 du
342 3300 412 3354 mois
424 3318 496 3372 pour
509 3310 581 3355 cette
595 3299 731 3354 detulere.

200 3391 278 3446 Nous
286 3408 369 3446 avons
381 3390 443 3463 deji
453 3394 601 3467 remarqnt
612 3391 749 3446 ci-dessus
760 3409 815 3465 que
828 3390 866 3445 du
878 3406 894 3444 a
901 3389 994 3462 juillet
1009 3387 1074 3445 1035
1086 3408 1121 3444 an
1133 3408 1152 3464 9
1165 3407 1226 3463 nep·

165 3482 273 3537 tembie
290 3482 369 3557 1087,
385 3486 494 3557 epoqne
506 3482 541 3538 ‹le
553 3483 578 3538 la
592 3494 667 3537 mort
677 3482 712 3537 de
724 3480 885 3537 Guillaume
899 3480 925 3535 le
937 3481 1131 3554 conquerunt,
1146 3498 1183 3534 on
1193 3497 1227 3533 ne

163 3573 277 3645 pouvait
286 3585 412 3647 comptor
425 3574 659 3649 eloquente-trois
670 3591 719 3626 ans
733 3571 894 3646 aeoomplin,
908 3571 976 3626 mais
986 3570 1140 3626 seulement
1152 3588 1227 3625 oom-

167 3665 286 3717 menete.

201 3750 241 3818 (ι)
263 3748 393 3820 L'abbaye
408 3749 444 3803 de
465 3750 592 3806 Conehes
614 3749 656 3803 lut
676 3748 776 3803 etablie
796 3766 856 3803 ven
875 3745 939 3802 1035
962 3766 1011 3821 par
1032 3746 1125 3818 lloger
1142 3747 1176 3801 1³
1193 3745 1227 3801 tle

168 3837 272 3904 Toeni,
288 3836 329 3890 lile
341 3836 376 3892 de
390 3837 492 3905 Raoul‚
506 3857 555 3894 mr
573 3856 611 3892 un
624 3840 730 3892 terrain
744 3839 858 3911 eontign
870 3840 885 3891 i
896 3836 994 3893 laville
1010 3837 1045 3891 de
1059 3837 1188 3892 Condm
1199 3847 1228 3892 et

168 3938 280 4002 portam
291 3927 362 3983 alors
374 3928 400 3982 le
412 3947 478 3984 nom
490 3929 525 3983 de
543 3929 702 3984 Castellion.
717 3928 843 3996 Gilheit,
855 3929 947 3983 moine
959 3928 994 3983 de
1004 3928 1123 3999 Ftcamp
1136 3938 1167 3983 et
1178 3945 1226 3983 sou

169 4017 289 4090 premier
298 4016 383 4083 abbe',
398 4018 506 4072 existait
520 4036 620 4073 encore
631 4036 666 4071 en
683 4015 758 4072 1050.

205 4108 245 4176 (a)
258 4105 390 4179 L'ahbaye
403 4107 438 4163 de
452 4107 477 4163 la
491 4108 752 4163 Trinite-du-llont
765 4108 828 4181 prk·
846 4106 957 4175 llouen,
980 4108 1028 4182 qni
1047 4106 1103 4180 pn't
1116 4105 1186 4161 dans
1203 4105 1229 4159 le

170 4195 242 4251 mite
262 4193 289 4250 le
306 4213 372 4253 nom
391 4197 432 4253 du
451 4197 814 4266 lamissione-iterim,
836 4198 937 4255 londe'e
956 4218 1008 4273 per
1022 4196 1169 4265 coedis,
1186 4200 1230 4255 vi·
