2768 5094
299 393 358 452 370
577 391 759 453 HISTORIA
780 391 1085 454 Eectsssltstlct.
1242 396 1361 497 [1077th

302 537 400 586 vente
413 511 581 585 mendico
595 511 847 584 haereditarias
859 538 946 611 opes
959 511 1137 611 denegent
1145 513 1334 613 postulaui.
1371 521 1384 534 ‘

301 630 346 702 Si
354 645 465 730 pater
481 645 563 701 tuus
581 628 647 701 tibi
663 629 901 729 adquieverit,
922 645 956 701 et
972 629 1072 730 quod
1082 630 1237 729 petiens
1251 629 1338 702 dede·

301 748 366 833 rit,
387 747 564 820 vt'eaoitas
582 763 646 819 tua
662 763 695 820 et
717 744 1017 846 incomparabilis
1030 744 1202 847 probitas
1221 752 1341 845 magri-

289 863 369 962 fice
383 862 535 963 patebit.
554 863 599 935 Si
616 890 701 937 uero
724 865 762 936 in
780 889 850 936 sua
867 863 1076 964 pertinacia
1094 863 1304 963 perstiterit,
1320 886 1342 934 es

301 981 477 1055 suadente
491 1008 561 1054 sua
578 983 751 1081 cupidine
764 979 925 1053 debitum
942 978 1009 1051 tibi
1022 979 1198 1053 honorem
1209 978 1343 1078 derogo
1360 999 1384 1069 ι·

303 1102 411 1188 uerit,
447 1100 630 1174 leoninam
663 1102 928 1172 animositatem
963 1100 1110 1200 arripe,
1147 1084 1367 1168 indecasteni

303 1217 506 1290 clientelam
535 1217 675 1318 abjice,
708 1235 920 1315 tuorumque
948 1220 1153 1289 amicorum
1184 1214 1344 1289 consilis.
1381 1231 1384 1238 ’

301 1336 705 1435 suffragiisquefiuere.
720 1334 796 1407 Nos
804 1335 884 1406 sine
896 1332 1007 1406 dubio
1014 1349 1210 1436 promptos
1220 1331 1347 1406 habais

302 1451 491 1525 adomnia
508 1479 591 1551 quae
608 1453 776 1525 uolueris.

350 1566 562 1665 Hujusmodi
577 1565 724 1641 hortatu
739 1564 941 1640 Rodbertus
958 1568 1031 1639 tiro
1045 1566 1181 1638 acriter
1196 1566 1235 1637 iu
1248 1564 1296 1635 in
1307 1564 1348 1635 ui

301 1684 495 1783 cupiditate
511 1711 678 1758 accensus
695 1701 767 1775 est,
780 1699 818 1758 et
833 1682 1001 1756 accedens
1018 1682 1062 1756 ad
1075 1696 1239 1780 patrem,
1251 1681 1299 1751 sic
1310 1679 1351 1752 io

302 1816 405 1874 cutus
425 1817 505 1875 est:
523 1802 812 1889 Normanniam‚
837 1800 981 1872 domine
1003 1801 1056 1871 mi
1074 1825 1162 1886 rex,
1185 1799 1244 1871 da·
1260 1795 1352 1883 milti,

301 1919 577 2018 quamdudum,
588 1917 1131 2019 autequameontraHeraldum
1142 1915 1353 2015 inAnglian
1377 1890 1383 2011 Ι

302 2034 567 2131 transfretares,
581 2035 672 2108 milti
682 2036 912 2131 concessisti(
919 2035 967 2131 1).
976 2034 1040 2105 Cui
1049 2031 1352 2132 psterroepondit:
1378 2020 1382 2041 '

299 2152 547 2250 Incongruum
562 2168 632 2239 est,
637 2151 705 2250 fili
709 2208 722 2238 ‚
742 2150 843 2250 qnod
853 2155 991 2252 poscis.
1007 2149 1264 2221 Porsinnam
1277 2147 1354 2220 Nor·

300 2268 510 2340 mannicum
534 2265 676 2338 obtinui
689 2267 882 2364 Angliam.
908 2263 1151 2337 Hoemditario
1168 2264 1259 2364 jum
1276 2288 1357 2365 pos·

300 2383 403 2457 rideo
421 2384 694 2458 Normanniam
705 2437 716 2471 ,
738 2386 929 2483 ipsamque
954 2382 1002 2453 de
1017 2407 1131 2453 manu
1153 2406 1255 2469 mea,
1281 2380 1358 2451 dim

300 2498 495 2586 advixero,
514 2526 585 2571 non
601 2501 764 2598 ejiciam.
784 2496 989 2571 Rodbertus
1009 2497 1102 2571 dixit
1124 2528 1132 2567 :
1156 2496 1265 2597 Quid
1283 2522 1359 2593 ogo

288 2610 456 2713 faciam,
475 2614 536 2685 oei
555 2614 648 2713 quid
665 2619 750 2685 meis
768 2613 957 2688 clientibus
975 2611 1164 2686 tribuam?
1181 2614 1287 2686 Peter
1302 2638 1360 2683 au-

301 2743 376 2800 tem
396 2729 607 2827 respondit:
627 2731 885 2805 Convenienter
905 2728 995 2800 mitt
1013 2734 1052 2801 in
1073 2728 1239 2801 omnibus
1261 2727 1361 2801 obse-

300 2873 421 2946 quere,
438 2865 473 2919 et
490 2847 622 2950 ubique
634 2876 786 2940 meeum,
805 2848 952 2943 utstlius
964 2873 1045 2919 cum
1051 2862 1175 2950 patre,
1186 2848 1364 2949 sapienter

300 2962 503 3037 dominare.
522 2965 728 3067 liodbertus
740 2966 784 3039 ad
802 2964 878 3037 hoec
893 2996 901 3038 ε
917 2966 1167 3039 Mercenarius
1180 2981 1266 3037 tuus
1276 2989 1363 3037 sem·

295 3109 366 3183 per
377 3109 454 3155 esse
464 3083 560 3156 nolo.
576 3083 793 3182 Aliquando
803 3083 1112 3179 remjitnu'liarem
1121 3081 1210 3155 uolo
1221 3080 1362 3165 natm,

302 3216 340 3271 ut
364 3200 452 3272 milti
469 3198 739 3299 famulantibus
758 3201 876 3302 dz‘gna
893 3205 1033 3303 possim
1053 3198 1238 3302 stipendia
1263 3199 1364 3270 retri-

302 3313 421 3388 buere.
458 3316 724 3420 Competentem
747 3322 870 3419 igitur,
897 3341 1043 3416 quoeso,
1076 3314 1167 3387 milti
1192 3312 1364 3388 ducatum

296 3431 440 3531 proebe,
461 3451 500 3505 ut
515 3435 611 3506 sieut
629 3453 668 3507 tu
683 3462 795 3535 regno
808 3430 1004 3537 praefueris
1024 3431 1189 3529 Angttae,
1212 3433 1269 3504 sie
1284 3456 1363 3529 ego,

302 3573 443 3648 semper
462 3549 531 3621 tibi
549 3550 752 3653 subjectus,
775 3554 923 3651 praesim
945 3548 1100 3620 ducatui
1113 3544 1362 3621 Nonnarmta.

337 3896 375 3961 (ι)
395 3895 470 3949 Nous
479 3914 561 3951 avons
571 3915 606 3950 vu
618 3895 754 3950 ci-dessus
765 3896 849 3968 qu’en
859 3894 923 3949 effet
931 3892 1093 3950 Guiuaume
1103 3890 1177 3944 mit
1186 3887 1306 3961 designe'
1316 3885 1366 3940 Ro-

304 3982 365 4035 bert
385 4001 456 4054 pour
470 4004 519 4041 son
534 4004 690 4040 successeur
702 3984 770 4038 dans
789 3985 814 4038 le
826 3984 919 4039 duche'
934 3984 969 4039 do
987 3981 1157 4039 normandis
1169 3979 1310 4054 puina
1321 3995 1368 4031 u·

304 4073 369 4125 uim
382 4084 461 4126 avant
476 4074 499 4128 la
516 4075 667 4147 conquite;
684 4076 751 4129 nnis·
770 4075 787 4127 il
806 4074 902 4129 n‘avait
915 4075 1011 4143 jamnis
1026 4070 1149 4128 entendu
1163 4086 1220 4143 que
1232 4086 1265 4123 ω
1280 4066 1324 4121 tin
1336 4064 1367 4119 dt

305 4178 352 4216 son
366 4175 465 4218 vivant.
