<?xml version="1.0" encoding="UTF-8"?>
<!DOCTYPE html PUBLIC "-//W3C//DTD XHTML 1.0 Transitional//EN"
    "http://www.w3.org/TR/xhtml1/DTD/xhtml1-transitional.dtd">
<html xmlns="http://www.w3.org/1999/xhtml" xml:lang="en" lang="en">
 <head>
  <title>
</title>
<meta http-equiv="Content-Type" content="text/html;charset=utf-8" />
  <meta name='ocr-system' content='tesseract 3.04.00' />
  <meta name='ocr-capabilities' content='ocr_page ocr_carea ocr_par ocr_line ocrx_word'/>
</head>
<body>
  <div class='ocr_page' id='page_1' title='image "./ordericivitalis06deligoog/ordericivitalis06deligoog_0146.png"; bbox 0 0 2768 5094; ppageno 0'>
   <div class='ocr_carea' id='block_1_1' title="bbox 10 460 1086 547">
    <p class='ocr_par' dir='ltr' id='par_1_1' title="bbox 10 460 1086 547">
     <span class='ocr_line' id='line_1_1' title="bbox 10 460 1086 547; baseline 0.006 -18"><span class='ocrx_word' id='word_1_1' title='bbox 10 460 229 547; x_wconf 73' lang='lat' dir='ltr'><strong>nossrosa]</strong></span> <span class='ocrx_word' id='word_1_2' title='bbox 395 465 513 530; x_wconf 77' lang='lat' dir='ltr'><strong>aum</strong></span> <span class='ocrx_word' id='word_1_3' title='bbox 534 466 711 529; x_wconf 76' lang='lat' dir='ltr'><strong>rennos.</strong></span> <span class='ocrx_word' id='word_1_4' title='bbox 1026 475 1086 537; x_wconf 76' lang='lat' dir='ltr'><strong>ras</strong></span> 
     </span>
    </p>
   </div>
   <div class='ocr_carea' id='block_1_2' title="bbox 10 587 1168 3617">
    <p class='ocr_par' dir='ltr' id='par_1_2' title="bbox 10 587 1168 1743">
     <span class='ocr_line' id='line_1_2' title="bbox 10 587 1168 691; baseline 0.007 -30"><span class='ocrx_word' id='word_1_5' title='bbox 10 588 270 689; x_wconf 72' lang='lat' dir='ltr'><strong>magnanimus</strong></span> <span class='ocrx_word' id='word_1_6' title='bbox 290 602 328 661; x_wconf 89' lang='lat' dir='ltr'><strong>et</strong></span> <span class='ocrx_word' id='word_1_7' title='bbox 350 587 395 661; x_wconf 86' lang='lat' dir='ltr'><strong>ad</strong></span> <span class='ocrx_word' id='word_1_8' title='bbox 416 589 538 663; x_wconf 85' lang='lat' dir='ltr'><strong>omnia</strong></span> <span class='ocrx_word' id='word_1_9' title='bbox 561 615 644 690; x_wconf 78' lang='lat' dir='ltr'><strong>quse</strong></span> <span class='ocrx_word' id='word_1_10' title='bbox 662 587 829 691; x_wconf 88' lang='lat' dir='ltr'><strong>cupiebat</strong></span> <span class='ocrx_word' id='word_1_11' title='bbox 844 589 1023 682; x_wconf 70' lang='lat' dir='ltr'><strong>servidas,</strong></span> <span class='ocrx_word' id='word_1_12' title='bbox 1040 594 1088 675; x_wconf 77' lang='lat' dir='ltr'><strong>ad</strong></span> <span class='ocrx_word' id='word_1_13' title='bbox 1163 662 1168 679; x_wconf 87' lang='grc'>,</span> 
     </span>
     <span class='ocr_line' id='line_1_3' title="bbox 10 698 1088 810; baseline 0.008 -35"><span class='ocrx_word' id='word_1_14' title='bbox 10 698 109 776; x_wconf 76' lang='lat' dir='ltr'><strong>iram</strong></span> <span class='ocrx_word' id='word_1_15' title='bbox 124 704 228 779; x_wconf 82' lang='lat' dir='ltr'><strong>velox</strong></span> <span class='ocrx_word' id='word_1_16' title='bbox 242 718 280 778; x_wconf 91' lang='lat' dir='ltr'><strong>et</strong></span> <span class='ocrx_word' id='word_1_17' title='bbox 293 706 331 778; x_wconf 91' lang='lat' dir='ltr'><strong>in</strong></span> <span class='ocrx_word' id='word_1_18' title='bbox 345 704 562 779; x_wconf 84' lang='lat' dir='ltr'><strong>militaribus</strong></span> <span class='ocrx_word' id='word_1_19' title='bbox 578 708 757 782; x_wconf 84' lang='lat' dir='ltr'><strong>exercitiis</strong></span> <span class='ocrx_word' id='word_1_20' title='bbox 767 706 881 782; x_wconf 81' lang='lat' dir='ltr'><strong>lerox.</strong></span> <span class='ocrx_word' id='word_1_21' title='bbox 893 709 1088 810; x_wconf 84' lang='lat' dir='ltr'><strong>Promptus</strong></span> 
     </span>
     <span class='ocr_line' id='line_1_4' title="bbox 10 822 1090 926; baseline 0.004 -28"><span class='ocrx_word' id='word_1_22' title='bbox 10 837 94 898; x_wconf 65' lang='lat' dir='ltr'><strong>rat</strong></span> <span class='ocrx_word' id='word_1_23' title='bbox 118 822 231 897; x_wconf 87' lang='lat' dir='ltr'><strong>aliena</strong></span> <span class='ocrx_word' id='word_1_24' title='bbox 256 825 457 924; x_wconf 77' lang='lat' dir='ltr'><strong>promoiter</strong></span> <span class='ocrx_word' id='word_1_25' title='bbox 472 851 599 925; x_wconf 86' lang='lat' dir='ltr'><strong>rapere</strong></span> <span class='ocrx_word' id='word_1_26' title='bbox 618 843 656 900; x_wconf 92' lang='lat' dir='ltr'><strong>et</strong></span> <span class='ocrx_word' id='word_1_27' title='bbox 673 851 733 898; x_wconf 86' lang='lat' dir='ltr'><strong>suu</strong></span> <span class='ocrx_word' id='word_1_28' title='bbox 752 826 1002 926; x_wconf 82' lang='lat' dir='ltr'><strong>imprudenter</strong></span> <span class='ocrx_word' id='word_1_29' title='bbox 1016 826 1090 902; x_wconf 87' lang='lat' dir='ltr'><strong>dis·</strong></span> 
     </span>
     <span class='ocr_line' id='line_1_5' title="bbox 10 936 1088 1043; baseline 0.006 -32"><span class='ocrx_word' id='word_1_30' title='bbox 10 936 187 1026; x_wconf 75' lang='lat' dir='ltr'><strong>trahere,</strong></span> <span class='ocrx_word' id='word_1_31' title='bbox 218 953 260 1011; x_wconf 86' lang='lat' dir='ltr'><strong>ut</strong></span> <span class='ocrx_word' id='word_1_32' title='bbox 289 957 495 1016; x_wconf 80' lang='lat' dir='ltr'><strong>mereretur</strong></span> <span class='ocrx_word' id='word_1_33' title='bbox 515 941 681 1016; x_wconf 81' lang='lat' dir='ltr'><strong>frivolam</strong></span> <span class='ocrx_word' id='word_1_34' title='bbox 710 942 920 1043; x_wconf 72' lang='lat' dir='ltr'><strong>dapsilitatis</strong></span> <span class='ocrx_word' id='word_1_35' title='bbox 947 943 1088 1018; x_wconf 89' lang='lat' dir='ltr'><strong>laudem</strong></span> 
     </span>
     <span class='ocr_line' id='line_1_6' title="bbox 10 1052 1088 1162; baseline 0.007 -33"><span class='ocrx_word' id='word_1_36' title='bbox 10 1052 164 1129; x_wconf 75' lang='lat' dir='ltr'><strong>tabere.</strong></span> <span class='ocrx_word' id='word_1_37' title='bbox 196 1057 264 1130; x_wconf 87' lang='lat' dir='ltr'><strong>llic</strong></span> <span class='ocrx_word' id='word_1_38' title='bbox 295 1056 420 1132; x_wconf 85' lang='lat' dir='ltr'><strong>habuit</strong></span> <span class='ocrx_word' id='word_1_39' title='bbox 446 1063 637 1162; x_wconf 82' lang='lat' dir='ltr'><strong>conjugem</strong></span> <span class='ocrx_word' id='word_1_40' title='bbox 662 1062 810 1135; x_wconf 89' lang='lat' dir='ltr'><strong>nomine</strong></span> <span class='ocrx_word' id='word_1_41' title='bbox 840 1063 948 1150; x_wconf 86' lang='lat' dir='ltr'><strong>ltam,</strong></span> <span class='ocrx_word' id='word_1_42' title='bbox 976 1061 1088 1137; x_wconf 82' lang='lat' dir='ltr'><strong>filiam</strong></span> 
     </span>
     <span class='ocr_line' id='line_1_7' title="bbox 10 1166 1089 1277; baseline 0.007 -34"><span class='ocrx_word' id='word_1_43' title='bbox 10 1166 201 1244; x_wconf 69' lang='lat' dir='ltr'><strong>tenuari</strong></span> <span class='ocrx_word' id='word_1_44' title='bbox 219 1170 264 1246; x_wconf 91' lang='lat' dir='ltr'><strong>de</strong></span> <span class='ocrx_word' id='word_1_45' title='bbox 284 1171 449 1248; x_wconf 82' lang='lat' dir='ltr'><strong>Pontesia</strong></span> <span class='ocrx_word' id='word_1_46' title='bbox 459 1229 471 1264; x_wconf 93' lang='lat'><strong>,</strong></span> <span class='ocrx_word' id='word_1_47' title='bbox 487 1201 572 1277; x_wconf 74' lang='lat' dir='ltr'><strong>quse</strong></span> <span class='ocrx_word' id='word_1_48' title='bbox 592 1177 734 1276; x_wconf 78' lang='lat' dir='ltr'><strong>peperit</strong></span> <span class='ocrx_word' id='word_1_49' title='bbox 757 1177 789 1250; x_wconf 86' lang='lat' dir='ltr'><strong>ei</strong></span> <span class='ocrx_word' id='word_1_50' title='bbox 807 1176 1031 1251; x_wconf 87' lang='lat' dir='ltr'><strong>Walterium</strong></span> <span class='ocrx_word' id='word_1_51' title='bbox 1051 1194 1089 1251; x_wconf 87' lang='lat' dir='ltr'><strong>et</strong></span> 
     </span>
     <span class='ocr_line' id='line_1_8' title="bbox 10 1288 1088 1392; baseline 0.006 -32"><span class='ocrx_word' id='word_1_52' title='bbox 10 1288 250 1379; x_wconf 65' lang='lat' dir='ltr'><strong>minatum,</strong></span> <span class='ocrx_word' id='word_1_53' title='bbox 274 1292 464 1392; x_wconf 78' lang='lat' dir='ltr'><strong>llugonem</strong></span> <span class='ocrx_word' id='word_1_54' title='bbox 490 1310 527 1367; x_wconf 89' lang='lat' dir='ltr'><strong>et</strong></span> <span class='ocrx_word' id='word_1_55' title='bbox 549 1292 782 1382; x_wconf 67' lang='lat' dir='ltr'><strong>Genusium,</strong></span> <span class='ocrx_word' id='word_1_56' title='bbox 811 1296 1026 1368; x_wconf 83' lang='lat' dir='ltr'><strong>llermarum</strong></span> <span class='ocrx_word' id='word_1_57' title='bbox 1050 1309 1088 1367; x_wconf 90' lang='lat' dir='ltr'><strong>et</strong></span> 
     </span>
     <span class='ocr_line' id='line_1_9' title="bbox 10 1402 1087 1505; baseline 0.003 -27"><span class='ocrx_word' id='word_1_58' title='bbox 10 1402 227 1497; x_wconf 58' lang='lat' dir='ltr'><strong>[minoium</strong></span> <span class='ocrx_word' id='word_1_59' title='bbox 246 1407 411 1483; x_wconf 79' lang='lat' dir='ltr'><strong>etlilium</strong></span> <span class='ocrx_word' id='word_1_60' title='bbox 431 1409 579 1484; x_wconf 88' lang='lat' dir='ltr'><strong>nomine</strong></span> <span class='ocrx_word' id='word_1_61' title='bbox 601 1410 811 1505; x_wconf 71' lang='lat' dir='ltr'><strong>Luxovium.</strong></span> <span class='ocrx_word' id='word_1_62' title='bbox 839 1410 1034 1484; x_wconf 83' lang='lat' dir='ltr'><strong>Mainerins</strong></span> <span class='ocrx_word' id='word_1_63' title='bbox 1049 1424 1087 1484; x_wconf 90' lang='lat' dir='ltr'><strong>et</strong></span> 
     </span>
     <span class='ocr_line' id='line_1_10' title="bbox 10 1520 1084 1630; baseline 0.002 -35"><span class='ocrx_word' id='word_1_64' title='bbox 10 1520 184 1595; x_wconf 72' lang='lat' dir='ltr'><strong>lulooius</strong></span> <span class='ocrx_word' id='word_1_65' title='bbox 200 1550 218 1595; x_wconf 88' lang='lat' dir='ltr'><strong>a</strong></span> <span class='ocrx_word' id='word_1_66' title='bbox 236 1526 390 1625; x_wconf 83' lang='lat' dir='ltr'><strong>pueritia</strong></span> <span class='ocrx_word' id='word_1_67' title='bbox 406 1524 601 1600; x_wconf 77' lang='lat' dir='ltr'><strong>monachili</strong></span> <span class='ocrx_word' id='word_1_68' title='bbox 620 1552 748 1600; x_wconf 90' lang='lat' dir='ltr'><strong>norma</strong></span> <span class='ocrx_word' id='word_1_69' title='bbox 766 1526 953 1599; x_wconf 87' lang='lat' dir='ltr'><strong>oonstrioti</strong></span> <span class='ocrx_word' id='word_1_70' title='bbox 975 1540 1062 1630; x_wconf 80' lang='lat' dir='ltr'><strong>sunt</strong></span> <span class='ocrx_word' id='word_1_71' title='bbox 1071 1552 1084 1613; x_wconf 67' lang='grc' dir='ltr'><strong><em>ς</em></strong></span> 
     </span>
     <span class='ocr_line' id='line_1_11' title="bbox 10 1634 1078 1743; baseline 0.002 -32"><span class='ocrx_word' id='word_1_72' title='bbox 10 1634 63 1711; x_wconf 89' lang='lat' dir='ltr'><strong>lii</strong></span> <span class='ocrx_word' id='word_1_73' title='bbox 85 1662 179 1711; x_wconf 75' lang='lat' dir='ltr'><strong>vero</strong></span> <span class='ocrx_word' id='word_1_74' title='bbox 193 1654 351 1740; x_wconf 85' lang='lat' dir='ltr'><strong>quatuor</strong></span> <span class='ocrx_word' id='word_1_75' title='bbox 366 1642 514 1716; x_wconf 84' lang='lat' dir='ltr'><strong>militari</strong></span> <span class='ocrx_word' id='word_1_76' title='bbox 533 1642 676 1716; x_wconf 85' lang='lat' dir='ltr'><strong>licentia</strong></span> <span class='ocrx_word' id='word_1_77' title='bbox 695 1640 877 1743; x_wconf 74' lang='lat' dir='ltr'><strong>perfuncti</strong></span> <span class='ocrx_word' id='word_1_78' title='bbox 896 1658 994 1714; x_wconf 85' lang='lat' dir='ltr'><strong>aunt.</strong></span> <span class='ocrx_word' id='word_1_79' title='bbox 1076 1676 1078 1682; x_wconf 96' lang='lat'>·</span> 
     </span>
    </p>

    <p class='ocr_par' dir='ltr' id='par_1_3' title="bbox 10 1754 1085 3617">
     <span class='ocr_line' id='line_1_12' title="bbox 47 1754 1085 1858; baseline 0.003 -31"><span class='ocrx_word' id='word_1_80' title='bbox 47 1754 228 1827; x_wconf 69' lang='lat' dir='ltr'><strong>fulcoius</strong></span> <span class='ocrx_word' id='word_1_81' title='bbox 250 1759 445 1833; x_wconf 85' lang='lat' dir='ltr'><strong>monachos</strong></span> <span class='ocrx_word' id='word_1_82' title='bbox 471 1760 597 1858; x_wconf 86' lang='lat' dir='ltr'><strong>(quia,</strong></span> <span class='ocrx_word' id='word_1_83' title='bbox 615 1759 707 1831; x_wconf 84' lang='lat' dir='ltr'><strong>sicut</strong></span> <span class='ocrx_word' id='word_1_84' title='bbox 716 1763 792 1858; x_wconf 86' lang='lat' dir='ltr'><strong>jam</strong></span> <span class='ocrx_word' id='word_1_85' title='bbox 807 1757 903 1848; x_wconf 83' lang='lat' dir='ltr'><strong>dixi,</strong></span> <span class='ocrx_word' id='word_1_86' title='bbox 921 1754 1085 1830; x_wconf 80' lang='lat' dir='ltr'><strong>moribus</strong></span> 
     </span>
     <span class='ocr_line' id='line_1_13' title="bbox 10 1869 1083 1977; baseline 0.002 -33"><span class='ocrx_word' id='word_1_87' title='bbox 10 1869 191 1944; x_wconf 71' lang='lat' dir='ltr'><strong>natabilis</strong></span> <span class='ocrx_word' id='word_1_88' title='bbox 208 1876 306 1969; x_wconf 80' lang='lat' dir='ltr'><strong>emt)</strong></span> <span class='ocrx_word' id='word_1_89' title='bbox 320 1876 514 1977; x_wconf 79' lang='lat' dir='ltr'><strong>aliquando</strong></span> <span class='ocrx_word' id='word_1_90' title='bbox 529 1875 686 1949; x_wconf 89' lang='lat' dir='ltr'><strong>multum</strong></span> <span class='ocrx_word' id='word_1_91' title='bbox 700 1873 889 1975; x_wconf 77' lang='lat' dir='ltr'><strong>diligebat,</strong></span> <span class='ocrx_word' id='word_1_92' title='bbox 906 1891 942 1948; x_wconf 88' lang='lat' dir='ltr'><strong>et</strong></span> <span class='ocrx_word' id='word_1_93' title='bbox 956 1888 1083 1947; x_wconf 84' lang='lat' dir='ltr'><strong>contra</strong></span> 
     </span>
     <span class='ocr_line' id='line_1_14' title="bbox 10 1985 1083 2088; baseline -0.001 -28"><span class='ocrx_word' id='word_1_94' title='bbox 10 2012 140 2061; x_wconf 76' lang='lat' dir='ltr'><strong>mnes</strong></span> <span class='ocrx_word' id='word_1_95' title='bbox 162 1985 386 2065; x_wconf 68' lang='lat' dir='ltr'><strong>adversantes</strong></span> <span class='ocrx_word' id='word_1_96' title='bbox 414 1989 549 2065; x_wconf 85' lang='lat' dir='ltr'><strong>obnixe</strong></span> <span class='ocrx_word' id='word_1_97' title='bbox 576 1988 789 2081; x_wconf 78' lang='lat' dir='ltr'><strong>muniebat,</strong></span> <span class='ocrx_word' id='word_1_98' title='bbox 817 2012 1083 2088; x_wconf 83' lang='lat' dir='ltr'><strong>nonnunquam</strong></span> 
     </span>
     <span class='ocr_line' id='line_1_15' title="bbox 10 2105 1083 2209; baseline -0.001 -30"><span class='ocrx_word' id='word_1_99' title='bbox 10 2129 98 2179; x_wconf 70' lang='lat' dir='ltr'><strong>&#39;ero</strong></span> <span class='ocrx_word' id='word_1_100' title='bbox 117 2106 193 2206; x_wconf 86' lang='lat' dir='ltr'><strong>ipse</strong></span> <span class='ocrx_word' id='word_1_101' title='bbox 208 2107 366 2208; x_wconf 75' lang='lat' dir='ltr'><strong>graviter</strong></span> <span class='ocrx_word' id='word_1_102' title='bbox 381 2107 622 2209; x_wconf 84' lang='lat' dir='ltr'><strong>opprimebat.</strong></span> <span class='ocrx_word' id='word_1_103' title='bbox 639 2109 765 2182; x_wconf 75' lang='lat' dir='ltr'><strong>Pernis</strong></span> <span class='ocrx_word' id='word_1_104' title='bbox 782 2133 889 2181; x_wconf 81' lang='lat' dir='ltr'><strong>senex</strong></span> <span class='ocrx_word' id='word_1_105' title='bbox 906 2105 1083 2206; x_wconf 76' lang='lat' dir='ltr'><strong>Rogerius</strong></span> 
     </span>
     <span class='ocr_line' id='line_1_16' title="bbox 10 2221 1082 2314; baseline 0 -18"><span class='ocrx_word' id='word_1_106' title='bbox 10 2237 36 2296; x_wconf 72' lang='lat' dir='ltr'><strong>‚t</strong></span> <span class='ocrx_word' id='word_1_107' title='bbox 57 2221 280 2297; x_wconf 82' lang='lat' dir='ltr'><strong>Goisbertus</strong></span> <span class='ocrx_word' id='word_1_108' title='bbox 292 2225 471 2314; x_wconf 88' lang='lat' dir='ltr'><strong>medicus,</strong></span> <span class='ocrx_word' id='word_1_109' title='bbox 491 2223 697 2300; x_wconf 77' lang='lat' dir='ltr'><strong>Radbertus</strong></span> <span class='ocrx_word' id='word_1_110' title='bbox 708 2225 837 2301; x_wconf 83' lang='lat' dir='ltr'><strong>Calvus</strong></span> <span class='ocrx_word' id='word_1_111' title='bbox 848 2237 886 2297; x_wconf 90' lang='lat' dir='ltr'><strong>et</strong></span> <span class='ocrx_word' id='word_1_112' title='bbox 902 2221 1082 2296; x_wconf 84' lang='lat' dir='ltr'><strong>llaimerl·</strong></span> 
     </span>
     <span class='ocr_line' id='line_1_17' title="bbox 10 2341 1081 2445; baseline -0.002 -30"><span class='ocrx_word' id='word_1_113' title='bbox 10 2364 93 2428; x_wconf 75' lang='lat' dir='ltr'><strong>tus,</strong></span> <span class='ocrx_word' id='word_1_114' title='bbox 113 2341 273 2416; x_wconf 78' lang='lat' dir='ltr'><strong>loannes</strong></span> <span class='ocrx_word' id='word_1_115' title='bbox 288 2358 326 2417; x_wconf 90' lang='lat' dir='ltr'><strong>et</strong></span> <span class='ocrx_word' id='word_1_116' title='bbox 347 2341 589 2431; x_wconf 83' lang='lat' dir='ltr'><strong>lsembardns,</strong></span> <span class='ocrx_word' id='word_1_117' title='bbox 609 2343 741 2445; x_wconf 87' lang='lat' dir='ltr'><strong>aliique</strong></span> <span class='ocrx_word' id='word_1_118' title='bbox 757 2342 880 2442; x_wconf 89' lang='lat' dir='ltr'><strong>plures</strong></span> <span class='ocrx_word' id='word_1_119' title='bbox 895 2341 933 2414; x_wconf 90' lang='lat' dir='ltr'><strong>in</strong></span> <span class='ocrx_word' id='word_1_120' title='bbox 950 2363 1081 2413; x_wconf 84' lang='lat' dir='ltr'><strong>mona·</strong></span> 
     </span>
     <span class='ocr_line' id='line_1_18' title="bbox 10 2457 1082 2561; baseline 0 -29"><span class='ocrx_word' id='word_1_121' title='bbox 10 2457 118 2532; x_wconf 72' lang='lat' dir='ltr'><strong>:butu</strong></span> <span class='ocrx_word' id='word_1_122' title='bbox 131 2459 209 2533; x_wconf 84' lang='lat' dir='ltr'><strong>Deo</strong></span> <span class='ocrx_word' id='word_1_123' title='bbox 220 2460 380 2534; x_wconf 76' lang='lat' dir='ltr'><strong>famulati</strong></span> <span class='ocrx_word' id='word_1_124' title='bbox 399 2476 508 2549; x_wconf 88' lang='lat' dir='ltr'><strong>sunt;</strong></span> <span class='ocrx_word' id='word_1_125' title='bbox 525 2489 566 2535; x_wconf 84' lang='lat' dir='ltr'><strong>ex</strong></span> <span class='ocrx_word' id='word_1_126' title='bbox 583 2459 717 2561; x_wconf 85' lang='lat' dir='ltr'><strong>quibus</strong></span> <span class='ocrx_word' id='word_1_127' title='bbox 730 2457 933 2534; x_wconf 80' lang='lat' dir='ltr'><strong>Beruardus</strong></span> <span class='ocrx_word' id='word_1_128' title='bbox 948 2482 1082 2559; x_wconf 75' lang='lat' dir='ltr'><strong>coguo-</strong></span> 
     </span>
     <span class='ocr_line' id='line_1_19' title="bbox 10 2574 1080 2665; baseline -0.001 -17"><span class='ocrx_word' id='word_1_129' title='bbox 10 2590 139 2649; x_wconf 81' lang='lat' dir='ltr'><strong>nento</strong></span> <span class='ocrx_word' id='word_1_130' title='bbox 151 2574 304 2649; x_wconf 74' lang='lat' dir='ltr'><strong>ttictrael</strong></span> <span class='ocrx_word' id='word_1_131' title='bbox 320 2592 358 2651; x_wconf 88' lang='lat' dir='ltr'><strong>et</strong></span> <span class='ocrx_word' id='word_1_132' title='bbox 373 2577 585 2665; x_wconf 85' lang='lat' dir='ltr'><strong>llainaldus,</strong></span> <span class='ocrx_word' id='word_1_133' title='bbox 602 2577 818 2653; x_wconf 81' lang='lat' dir='ltr'><strong>Tenderious</strong></span> <span class='ocrx_word' id='word_1_134' title='bbox 832 2591 869 2650; x_wconf 89' lang='lat' dir='ltr'><strong>et</strong></span> <span class='ocrx_word' id='word_1_135' title='bbox 881 2574 1080 2648; x_wconf 84' lang='lat' dir='ltr'><strong>Walterius</strong></span> 
     </span>
     <span class='ocr_line' id='line_1_20' title="bbox 10 2689 1080 2796; baseline 0.001 -33"><span class='ocrx_word' id='word_1_136' title='bbox 10 2689 159 2778; x_wconf 71' lang='lat' dir='ltr'><strong>Calvus,</strong></span> <span class='ocrx_word' id='word_1_137' title='bbox 177 2707 213 2765; x_wconf 87' lang='lat' dir='ltr'><strong>et</strong></span> <span class='ocrx_word' id='word_1_138' title='bbox 228 2693 445 2769; x_wconf 85' lang='lat' dir='ltr'><strong>Willermus</strong></span> <span class='ocrx_word' id='word_1_139' title='bbox 461 2693 711 2783; x_wconf 73' lang='lat' dir='ltr'><strong>cadomensis,</strong></span> <span class='ocrx_word' id='word_1_140' title='bbox 726 2696 789 2796; x_wconf 89' lang='lat' dir='ltr'><strong>qui</strong></span> <span class='ocrx_word' id='word_1_141' title='bbox 808 2692 1012 2766; x_wconf 74' lang='lat' dir='ltr'><strong>Alexander</strong></span> <span class='ocrx_word' id='word_1_142' title='bbox 1026 2706 1080 2765; x_wconf 88' lang='lat' dir='ltr'><strong>est</strong></span> 
     </span>
     <span class='ocr_line' id='line_1_21' title="bbox 10 2807 1080 2914; baseline -0.003 -31"><span class='ocrx_word' id='word_1_143' title='bbox 10 2811 308 2911; x_wconf 71' lang='lat' dir='ltr'><strong>cognominatus,</strong></span> <span class='ocrx_word' id='word_1_144' title='bbox 333 2813 370 2886; x_wconf 92' lang='lat' dir='ltr'><strong>in</strong></span> <span class='ocrx_word' id='word_1_145' title='bbox 395 2840 521 2914; x_wconf 81' lang='lat' dir='ltr'><strong>magna</strong></span> <span class='ocrx_word' id='word_1_146' title='bbox 543 2811 718 2914; x_wconf 76' lang='lat' dir='ltr'><strong>religione</strong></span> <span class='ocrx_word' id='word_1_147' title='bbox 741 2813 934 2897; x_wconf 78' lang='lat' dir='ltr'><strong>vixerunt,</strong></span> <span class='ocrx_word' id='word_1_148' title='bbox 957 2807 1080 2909; x_wconf 81' lang='lat' dir='ltr'><strong>ibique</strong></span> 
     </span>
     <span class='ocr_line' id='line_1_22' title="bbox 10 2926 1078 3007; baseline 0 -7"><span class='ocrx_word' id='word_1_149' title='bbox 10 2926 119 3001; x_wconf 78' lang='lat' dir='ltr'><strong>finem</strong></span> <span class='ocrx_word' id='word_1_150' title='bbox 143 2928 230 3003; x_wconf 68' lang='lat' dir='ltr'><strong>sits</strong></span> <span class='ocrx_word' id='word_1_151' title='bbox 252 2931 372 3005; x_wconf 81' lang='lat' dir='ltr'><strong>sortiti</strong></span> <span class='ocrx_word' id='word_1_152' title='bbox 398 2929 652 3007; x_wconf 79' lang='lat' dir='ltr'><strong>venerabiliter</strong></span> <span class='ocrx_word' id='word_1_153' title='bbox 673 2929 840 3003; x_wconf 77' lang='lat' dir='ltr'><strong>tumulati</strong></span> <span class='ocrx_word' id='word_1_154' title='bbox 863 2942 960 3001; x_wconf 80' lang='lat' dir='ltr'><strong>sunt.</strong></span> <span class='ocrx_word' id='word_1_155' title='bbox 992 2927 1078 3000; x_wconf 75' lang='lat' dir='ltr'><strong>tine</strong></span> 
     </span>
     <span class='ocr_line' id='line_1_23' title="bbox 10 3043 1080 3150; baseline -0.001 -31"><span class='ocrx_word' id='word_1_156' title='bbox 10 3048 130 3121; x_wconf 81' lang='lat' dir='ltr'><strong>omnia</strong></span> <span class='ocrx_word' id='word_1_157' title='bbox 145 3073 230 3150; x_wconf 59' lang='lat' dir='ltr'><strong>quar¹</strong></span> <span class='ocrx_word' id='word_1_158' title='bbox 241 3049 410 3123; x_wconf 78' lang='lat' dir='ltr'><strong>Fuleoius</strong></span> <span class='ocrx_word' id='word_1_159' title='bbox 421 3050 579 3138; x_wconf 80' lang='lat' dir='ltr'><strong>dederat,</strong></span> <span class='ocrx_word' id='word_1_160' title='bbox 595 3048 780 3124; x_wconf 85' lang='lat' dir='ltr'><strong>monacbis</strong></span> <span class='ocrx_word' id='word_1_161' title='bbox 792 3046 969 3121; x_wconf 82' lang='lat' dir='ltr'><strong>concessit</strong></span> <span class='ocrx_word' id='word_1_162' title='bbox 985 3043 1080 3118; x_wconf 75' lang='lat' dir='ltr'><strong>liod-</strong></span> 
     </span>
     <span class='ocr_line' id='line_1_24' title="bbox 10 3161 1078 3267; baseline 0 -32"><span class='ocrx_word' id='word_1_163' title='bbox 10 3161 133 3235; x_wconf 81' lang='lat' dir='ltr'><strong>bertus</strong></span> <span class='ocrx_word' id='word_1_164' title='bbox 144 3163 328 3267; x_wconf 84' lang='lat' dir='ltr'><strong>Eloquens</strong></span> <span class='ocrx_word' id='word_1_165' title='bbox 339 3166 384 3241; x_wconf 82' lang='lat' dir='ltr'><strong>do</strong></span> <span class='ocrx_word' id='word_1_166' title='bbox 397 3168 644 3254; x_wconf 77' lang='lat' dir='ltr'><strong>calvimonte,</strong></span> <span class='ocrx_word' id='word_1_167' title='bbox 659 3168 722 3267; x_wconf 85' lang='lat' dir='ltr'><strong>qui</strong></span> <span class='ocrx_word' id='word_1_168' title='bbox 737 3164 896 3266; x_wconf 81' lang='lat' dir='ltr'><strong>capitalis</strong></span> <span class='ocrx_word' id='word_1_169' title='bbox 908 3161 1078 3238; x_wconf 82' lang='lat' dir='ltr'><strong>(lominus</strong></span> 
     </span>
     <span class='ocr_line' id='line_1_25' title="bbox 10 3279 1079 3382; baseline -0.001 -32"><span class='ocrx_word' id='word_1_170' title='bbox 10 3295 95 3350; x_wconf 82' lang='lat' dir='ltr'><strong>rrat.</strong></span> <span class='ocrx_word' id='word_1_171' title='bbox 121 3279 204 3353; x_wconf 90' lang='lat' dir='ltr'><strong>Non</strong></span> <span class='ocrx_word' id='word_1_172' title='bbox 227 3282 344 3357; x_wconf 89' lang='lat' dir='ltr'><strong>multo</strong></span> <span class='ocrx_word' id='word_1_173' title='bbox 367 3302 449 3382; x_wconf 87' lang='lat' dir='ltr'><strong>post</strong></span> <span class='ocrx_word' id='word_1_174' title='bbox 476 3282 589 3371; x_wconf 88' lang='lat' dir='ltr'><strong>idem,</strong></span> <span class='ocrx_word' id='word_1_175' title='bbox 613 3283 701 3354; x_wconf 89' lang='lat' dir='ltr'><strong>dum</strong></span> <span class='ocrx_word' id='word_1_176' title='bbox 727 3279 885 3382; x_wconf 78' lang='lat' dir='ltr'><strong>praedarn</strong></span> <span class='ocrx_word' id='word_1_177' title='bbox 911 3279 955 3351; x_wconf 85' lang='lat' dir='ltr'><strong>de</strong></span> <span class='ocrx_word' id='word_1_178' title='bbox 983 3293 1079 3351; x_wconf 84' lang='lat' dir='ltr'><strong>terra</strong></span> 
     </span>
     <span class='ocr_line' id='line_1_26' title="bbox 10 3396 1079 3497; baseline -0.001 -30"><span class='ocrx_word' id='word_1_179' title='bbox 10 3396 127 3468; x_wconf 77' lang='lat' dir='ltr'><strong>Sancti</strong></span> <span class='ocrx_word' id='word_1_180' title='bbox 147 3397 309 3474; x_wconf 78' lang='lat' dir='ltr'><strong>dudoeni</strong></span> <span class='ocrx_word' id='word_1_181' title='bbox 332 3400 510 3476; x_wconf 81' lang='lat' dir='ltr'><strong>uiolenter</strong></span> <span class='ocrx_word' id='word_1_182' title='bbox 526 3400 714 3487; x_wconf 84' lang='lat' dir='ltr'><strong>educeret,</strong></span> <span class='ocrx_word' id='word_1_183' title='bbox 739 3398 784 3471; x_wconf 90' lang='lat' dir='ltr'><strong>de</strong></span> <span class='ocrx_word' id='word_1_184' title='bbox 805 3422 900 3497; x_wconf 89' lang='lat' dir='ltr'><strong>equo</strong></span> <span class='ocrx_word' id='word_1_185' title='bbox 921 3410 1079 3468; x_wconf 77' lang='lat' dir='ltr'><strong>armatus</strong></span> 
     </span>
     <span class='ocr_line' id='line_1_27' title="bbox 10 3509 1078 3617; baseline 0.001 -35"><span class='ocrx_word' id='word_1_186' title='bbox 10 3509 158 3597; x_wconf 85' lang='lat' dir='ltr'><strong>recidit,</strong></span> <span class='ocrx_word' id='word_1_187' title='bbox 177 3514 345 3615; x_wconf 76' lang='lat' dir='ltr'><strong>galeaque</strong></span> <span class='ocrx_word' id='word_1_188' title='bbox 366 3515 477 3591; x_wconf 87' lang='lat' dir='ltr'><strong>lrumo</strong></span> <span class='ocrx_word' id='word_1_189' title='bbox 499 3518 588 3605; x_wconf 82' lang='lat' dir='ltr'><strong>fixa,</strong></span> <span class='ocrx_word' id='word_1_190' title='bbox 609 3515 776 3617; x_wconf 67' lang='lat' dir='ltr'><strong>&lt;ulloque</strong></span> <span class='ocrx_word' id='word_1_191' title='bbox 793 3513 910 3585; x_wconf 76' lang='lat' dir='ltr'><strong>fracto</strong></span> <span class='ocrx_word' id='word_1_192' title='bbox 928 3511 1078 3583; x_wconf 82' lang='lat' dir='ltr'><strong>misera·</strong></span> 
     </span>
    </p>
   </div>
   <div class='ocr_carea' id='block_1_3' title="bbox 10 3626 1079 3849">
    <p class='ocr_par' dir='ltr' id='par_1_4' title="bbox 10 3626 1079 3849">
     <span class='ocr_line' id='line_1_28' title="bbox 10 3626 1079 3733; baseline 0.003 -35"><span class='ocrx_word' id='word_1_193' title='bbox 10 3626 129 3701; x_wconf 80' lang='lat' dir='ltr'><strong>biliter</strong></span> <span class='ocrx_word' id='word_1_194' title='bbox 151 3627 264 3718; x_wconf 84' lang='lat' dir='ltr'><strong>obiit;</strong></span> <span class='ocrx_word' id='word_1_195' title='bbox 288 3635 387 3733; x_wconf 83' lang='lat' dir='ltr'><strong>cujus</strong></span> <span class='ocrx_word' id='word_1_196' title='bbox 404 3634 552 3706; x_wconf 72' lang='lat' dir='ltr'><strong>cadaver</strong></span> <span class='ocrx_word' id='word_1_197' title='bbox 573 3632 666 3732; x_wconf 80' lang='lat' dir='ltr'><strong>apud</strong></span> <span class='ocrx_word' id='word_1_198' title='bbox 684 3629 848 3703; x_wconf 83' lang='lat' dir='ltr'><strong>lllliarias</strong></span> <span class='ocrx_word' id='word_1_199' title='bbox 865 3627 921 3727; x_wconf 84' lang='lat' dir='ltr'><strong>(r)</strong></span> <span class='ocrx_word' id='word_1_200' title='bbox 938 3626 1079 3701; x_wconf 80' lang='lat' dir='ltr'><strong>blaine-</strong></span> 
     </span>
     <span class='ocr_line' id='line_1_29' title="bbox 10 3740 1078 3849; baseline 0.001 -33"><span class='ocrx_word' id='word_1_201' title='bbox 10 3746 80 3817; x_wconf 79' lang='lat' dir='ltr'><strong>rius</strong></span> <span class='ocrx_word' id='word_1_202' title='bbox 96 3743 207 3819; x_wconf 82' lang='lat' dir='ltr'><strong>abbas</strong></span> <span class='ocrx_word' id='word_1_203' title='bbox 230 3749 266 3821; x_wconf 86' lang='lat' dir='ltr'><strong>in</strong></span> <span class='ocrx_word' id='word_1_204' title='bbox 288 3749 447 3849; x_wconf 84' lang='lat' dir='ltr'><strong>oapitulo</strong></span> <span class='ocrx_word' id='word_1_205' title='bbox 472 3748 752 3823; x_wconf 69' lang='lat' dir='ltr'><strong>flaviacensium</strong></span> <span class='ocrx_word' id='word_1_206' title='bbox 770 3744 925 3818; x_wconf 76' lang='lat' dir='ltr'><strong>futrum</strong></span> <span class='ocrx_word' id='word_1_207' title='bbox 945 3740 1078 3817; x_wconf 86' lang='lat' dir='ltr'><strong>ibidem</strong></span> 
     </span>
    </p>
   </div>
   <div class='ocr_carea' id='block_1_4' title="bbox 10 4053 1078 4314">
    <p class='ocr_par' dir='ltr' id='par_1_5' title="bbox 10 4053 1078 4314">
     <span class='ocr_line' id='line_1_30' title="bbox 39 4053 1078 4134; baseline -0.001 -24"><span class='ocrx_word' id='word_1_208' title='bbox 39 4068 47 4109; x_wconf 76' lang='grc' dir='ltr'><strong>ι’</strong></span> <span class='ocrx_word' id='word_1_209' title='bbox 55 4068 78 4125; x_wconf 79' lang='lat' dir='ltr'><strong>r)</strong></span> <span class='ocrx_word' id='word_1_210' title='bbox 100 4059 246 4115; x_wconf 77' lang='lat' dir='ltr'><strong>L&#39;Aillerie</strong></span> <span class='ocrx_word' id='word_1_211' title='bbox 264 4065 328 4134; x_wconf 68' lang='lat' dir='ltr'><strong>pris</strong></span> <span class='ocrx_word' id='word_1_212' title='bbox 340 4062 514 4125; x_wconf 70' lang='lat' dir='ltr'><strong>essenon,</strong></span> <span class='ocrx_word' id='word_1_213' title='bbox 529 4066 566 4117; x_wconf 74' lang='grc' dir='ltr'><strong>οὐ</strong></span> <span class='ocrx_word' id='word_1_214' title='bbox 583 4059 603 4117; x_wconf 86' lang='lat' dir='ltr'><strong>rl</strong></span> <span class='ocrx_word' id='word_1_215' title='bbox 620 4062 729 4117; x_wconf 68' lang='lat' dir='ltr'><strong>existuit</strong></span> <span class='ocrx_word' id='word_1_216' title='bbox 743 4078 780 4114; x_wconf 89' lang='lat' dir='ltr'><strong>uu</strong></span> <span class='ocrx_word' id='word_1_217' title='bbox 795 4060 908 4132; x_wconf 81' lang='lat' dir='ltr'><strong>psieure&#39;</strong></span> <span class='ocrx_word' id='word_1_218' title='bbox 918 4053 1078 4128; x_wconf 63' lang='lat' dir='ltr'><strong>dependent</strong></span> 
     </span>
     <span class='ocr_line' id='line_1_31' title="bbox 10 4144 1078 4221; baseline -0.002 -22"><span class='ocrx_word' id='word_1_219' title='bbox 10 4148 36 4199; x_wconf 81' lang='lat' dir='ltr'><strong>le</strong></span> <span class='ocrx_word' id='word_1_220' title='bbox 46 4148 635 4221; x_wconf 69' lang='lat' dir='ltr'><strong>l&#39;abbayedestant-Gernserll&#39;lnviacuml</strong></span> <span class='ocrx_word' id='word_1_221' title='bbox 646 4150 722 4207; x_wconf 71' lang='lat' dir='ltr'><strong>non·</strong></span> <span class='ocrx_word' id='word_1_222' title='bbox 729 4165 847 4221; x_wconf 60' lang='lat' dir='ltr'><strong>[num</strong></span> <span class='ocrx_word' id='word_1_223' title='bbox 854 4144 1078 4220; x_wconf 82' lang='lat' dir='ltr'><strong>queledonteioe</strong></span> 
     </span>
     <span class='ocr_line' id='line_1_32' title="bbox 10 4233 1060 4314; baseline -0.004 -23"><span class='ocrx_word' id='word_1_224' title='bbox 10 4240 36 4291; x_wconf 82' lang='lat' dir='ltr'><strong>le</strong></span> <span class='ocrx_word' id='word_1_225' title='bbox 51 4240 176 4311; x_wconf 68' lang='lat' dir='ltr'><strong>l&#39;abbasr</strong></span> <span class='ocrx_word' id='word_1_226' title='bbox 189 4240 224 4295; x_wconf 79' lang='lat' dir='ltr'><strong>de</strong></span> <span class='ocrx_word' id='word_1_227' title='bbox 237 4242 414 4297; x_wconf 69' lang='lat' dir='ltr'><strong>Saintllnrn</strong></span> <span class='ocrx_word' id='word_1_228' title='bbox 425 4243 491 4298; x_wconf 86' lang='lat' dir='ltr'><strong>dont</strong></span> <span class='ocrx_word' id='word_1_229' title='bbox 508 4244 526 4298; x_wconf 84' lang='lat' dir='ltr'><strong>il</strong></span> <span class='ocrx_word' id='word_1_230' title='bbox 540 4244 617 4314; x_wconf 63' lang='lat' dir='ltr'><strong>s&#39;agit</strong></span> <span class='ocrx_word' id='word_1_231' title='bbox 633 4243 666 4294; x_wconf 79' lang='lat' dir='ltr'><strong>rei</strong></span> <span class='ocrx_word' id='word_1_232' title='bbox 678 4242 744 4295; x_wconf 73' lang='lat' dir='ltr'><strong>etan</strong></span> <span class='ocrx_word' id='word_1_233' title='bbox 760 4238 786 4291; x_wconf 74' lang='lat' dir='ltr'><strong>te</strong></span> <span class='ocrx_word' id='word_1_234' title='bbox 800 4240 912 4309; x_wconf 64' lang='lat' dir='ltr'><strong>orreum?</strong></span> <span class='ocrx_word' id='word_1_235' title='bbox 924 4233 962 4289; x_wconf 76' lang='lat' dir='ltr'><strong>de</strong></span> <span class='ocrx_word' id='word_1_236' title='bbox 974 4234 1060 4289; x_wconf 71' lang='lat' dir='ltr'><strong>(tut.</strong></span> 
     </span>
    </p>
   </div>
   <div class='ocr_carea' id='block_1_5' title="bbox 0 0 1388 5094">
    <p class='ocr_par' dir='ltr' id='par_1_6' title="bbox 0 0 1388 5094">
     <span class='ocr_line' id='line_1_33' title="bbox 0 0 1388 5094; baseline 0 1"><span class='ocrx_word' id='word_1_237' title='bbox 0 0 1388 5094; x_wconf 95' lang='lat' dir='ltr'><strong> </strong></span> 
     </span>
    </p>
   </div>
  </div>
 </body>
</html>
