2768 5094
296 387 357 450 444
573 389 756 452 HISTORIA
778 388 1084 453 nccnrsrlsrtcl.

345 507 518 582 Praesatus
552 507 657 584 heros
693 510 970 610 suprascriptam
993 509 1022 584 c*
1077 540 1080 555 =
1117 535 1157 585 ιιι
1183 509 1341 614 subscrip
1373 550 1376 557 ·

297 626 397 698 tione
415 651 476 698 sna
497 624 745 715 confirmavit,
768 643 805 700 et
828 627 1003 701 Mainerio
1023 624 1155 709 abbati¹
1171 626 1366 741 medius,

298 770 381 817 rum
396 743 645 818 investituram
657 770 780 819 rerum
791 769 914 818 coram
926 730 1348 823 multominus
1363 760 1382 793 ¹·

299 859 461 933 tradidit.
491 859 570 933 Filii
599 861 698 935 enim
714 862 788 960 ejus
814 860 1027 935 affuerunt:
1055 858 1259 950 Ansoldus,
1274 862 1370 937 'lod'

298 973 423 1048 baldus
450 988 487 1049 et
510 974 743 1064 Guillelmus‚
772 976 967 1077 generique
992 979 1068 1076 ejus
1092 975 1302 1051 Gualtcrius
1320 976 1375 1052 &³

298 1091 428 1176 Pexeio
455 1091 509 1189 (ι)
543 1107 578 1165 et
607 1090 789 1165 Baldricus
813 1091 857 1167 dc
886 1091 1033 1180 Drocis,
1059 1116 1302 1193 proceresque
1321 1090 1377 1166 h*

297 1207 429 1280 Manlia
445 1239 453 1280 :
472 1209 578 1307 llugo
593 1223 629 1281 ct
645 1206 864 1307 Stephanus,
885 1207 1091 1283 Gualterius
1106 1207 1356 1310 Presbytemt
1375 1216 1381 1233 ⁸

298 1322 503 1399 Gualterius
516 1326 617 1400 miles
631 1341 875 1426 cognomento
884 1325 1061 1418 Costatus,
1074 1323 1269 1400 llicbcrius
1280 1327 1357 1401 Ρη

297 1441 435 1540 positus
447 1458 483 1515 et
495 1443 607 1518 Fulco
619 1441 683 1515 lilii
698 1441 877 1516 fulcherii
886 1495 897 1531 ,
920 1445 1025 1542 llugo
1044 1458 1081 1518 et
1097 1443 1182 1520 0do
1197 1442 1358 1519 caston

300 1556 381 1647 lilii,
392 1564 548 1632 Hervens
561 1558 734 1633 Heroardi
750 1559 858 1647 filius,
874 1574 910 1633 et
923 1585 1052 1661 magna
1064 1586 1149 1660 pars
1165 1560 1360 1635 Manlieusis

300 1673 513 1772 parrochiae.
526 1676 642 1749 Porro
656 1675 793 1748 Mainer
834 1702 850 1747 s
864 1673 974 1748 abbas
991 1673 1124 1750 ibidem
1135 1673 1361 1750 Goisbertu

301 1793 460 1890 priorem
477 1792 678 1883 ordinavit,
696 1795 759 1893 qui
777 1819 862 1867 mox
880 1819 1027 1893 parram
1038 1793 1249 1883 ecclesiam,
1267 1819 1362 1895 quau

303 1908 548 2004 Godel'redus,
570 1938 709 2011 magnae
732 1910 970 2010 simplicitatis
986 1927 1024 1985 et
1038 1912 1266 1986 innocentiae
1278 1937 1362 2012 prce

303 2024 425 2126 byter,
446 2045 628 2128 coeperat,
649 2029 924 2103 consummarit.
943 2028 1028 2102 Non
1050 2028 1169 2103 multo
1183 2043 1272 2130 post
1292 2055 1366 2103 mo-

305 2142 428 2217 nachis
466 2146 564 2219 intus
597 2161 635 2220 et
670 2162 770 2219 extra
806 2141 1159 2233 convalescentibus,
1196 2143 1368 2245 bonisque

306 2259 604 2360 parrochiauisde
612 2277 787 2361 provectu
803 2287 931 2336 eorum
942 2257 1300 2360 congratulantibus,
1318 2258 1370 2333 da·

306 2391 441 2449 structa
459 2377 570 2450 veteri
588 2375 664 2450 aede
680 2391 811 2449 sanctae
829 2377 970 2463 Mariae,
989 2400 1082 2449 nora
1100 2371 1246 2475 pulchri
1258 2374 1371 2474 operis

307 2509 426 2589 coepta
441 2507 511 2579 cst,
529 2509 565 2564 ct
582 2493 777 2565 secuudum
791 2493 1103 2591 opportunitatem
1117 2516 1185 2590 per
1195 2518 1245 2565 xx
1262 2514 1372 2564 annot

307 2606 373 2677 sub
393 2606 588 2682 Goisberto
609 2623 645 2682 et
668 2609 905 2683 Guidmnndo
922 2636 963 2682 ac
983 2610 1143 2711 hogerio
1165 2624 1204 2684 et
1225 2609 1374 2709 Hngoue

308 2724 491 2822 prioribus
511 2725 691 2825 eleganter
705 2742 845 2825 peracta
860 2742 911 2800 est
925 2728 993 2824 (a).
1008 2726 1132 2800 Plures
1142 2722 1280 2799 ibidem
1294 2751 1373 2799 mo·

347 3082 386 3151 (ι)
404 3079 504 3134 Poissi.

346 3172 386 3240 (a)
403 3169 480 3225 Nous
494 3186 529 3224 ne
545 3185 663 3241 pensons
679 3185 727 3241 pas
739 3166 807 3242 qu‘il
818 3165 892 3221 laille
905 3163 1052 3240 prendrea
1067 3163 1095 3219 la
1105 3162 1189 3219 lettre
1205 3159 1247 3218 lu
1258 3159 1379 3217 omaso

312 3262 435 3319 lournies
447 3260 483 3315 ici
493 3278 543 3332 par
552 3268 634 3315 notre
646 3270 746 3314 auteur
755 3275 802 3313 sur
811 3257 915 3330 l'eglisc
927 3257 963 3312 de
973 3253 1074 3311 hlaule.
1090 3253 1277 3328 L'impactiou
1289 3250 1325 3307 de
1337 3262 1379 3307 cet

313 3352 411 3408 editoe
430 3368 501 3406 nous
514 3351 602 3425 parsit
620 3349 782 3405 demontrcr
794 3366 849 3423 qne
867 3347 998 3404 Goitbert
1015 3357 1045 3403 et
1058 3363 1102 3402 m
1114 3360 1290 3401 monuwa
1306 3342 1380 3399 u'oat

313 3444 393 3516 point
402 3442 462 3497 rare
473 3440 512 3496 les
525 3441 729 3496 constructione
741 3438 776 3495 de
785 3437 936 3506 Godcfroi,
952 3437 1022 3492 ιιιιίι
1033 3433 1115 3513 qu'ils
1127 3452 1156 3491 te
1164 3443 1229 3490 tout
1238 3435 1380 3489 mutent&

314 3532 359 3605 ‹l’y
366 3533 483 3604 ajouter.
494 3531 618 3588 L'abside
626 3550 661 3587 en
671 3530 831 3606 particulier
839 3548 883 3585 me
892 3529 982 3602 paralt
991 3529 1051 3585 etoe
1059 3527 1125 3584 bieu
1137 3524 1315 3582 visitatam
1323 3523 1381 3579 leur

314 3640 448 3694 ouvrage,
463 3622 526 3681 nul
532 3620 581 3677 dea
594 3623 807 3678 remauiementr
819 3619 987 3692 poateucura
998 3617 1055 3672 trbt
1063 3614 1182 3672 facilen
1194 3612 1379 3670 mulne.

316 3712 384 3765 Mais
402 3711 516 3767 toutela
532 3711 659 3768 muraille
675 3706 889 3784 septentrionale
902 3707 938 3762 de
955 3705 981 3761 la
993 3705 1043 3762 uel
1045 3747 1054 3774 ‚
1074 3715 1105 3762 ct
1120 3703 1213 3761 mene
1226 3721 1284 3759 une
1299 3703 1382 3777 petite

316 3801 427 3874 portion
446 3800 482 3856 de
501 3819 530 3856 sa
551 3800 677 3856 mamille
696 3797 876 3855 meridionale
895 3814 956 3852 verr
968 3795 1084 3862 l’oueat,
1105 3811 1151 3850 me
1166 3792 1322 3868 punissent
1336 3789 1382 3844 det

316 3899 401 3944 restes
415 3888 450 3944 de
468 3890 573 3964 l’eglite
591 3890 627 3946 de
647 3887 792 3946 Godelrci.
806 3888 951 3943 Pcut-etre
963 3887 1054 3942 meme
1071 3884 1112 3940 lea
1130 3883 1226 3957 pilien
1240 3881 1346 3937 manib
1356 3891 1382 3935 et

319 3988 412 4032 coorta
424 3977 459 4032 de
469 3976 659 4034 cesmnrailles
668 3987 697 4032 et
707 3976 747 4032 lea
756 3976 867 4032 arcades
878 3975 1017 4050 rustiquea
1024 3973 1060 4029 de
1072 3971 1097 4027 la
1103 3971 1244 4046 premiere
1253 3970 1315 4045 (qui
1364 3997 1367 4012 ν

319 4065 422 4140 pellent
435 4069 450 4121 t
463 4065 513 4122 det
528 4066 716 4123 observateurs
728 4065 878 4122 normands
890 4064 916 4120 la
928 4065 978 4121 nel
987 4063 1022 4119 de
1036 4060 1207 4136 Briqueboe)
1222 4060 1345 4117 seruiat
1355 4060 1374 4096 ἰ

317 4174 418 4214 encore
431 4156 593 4213 autericurs.
610 4155 657 4214 On
674 4177 708 4215 uc
725 4157 785 4215 doit
798 4176 832 4214 cn
853 4155 964 4229 general
975 4165 1101 4230 acceptcr
1115 4153 1229 4228 qu’arec
1244 4150 1380 4209 baucou
