2768 5094
288 377 350 438 3³0
564 371 748 434 HISTORIA
770 369 1073 434 Ecctffilasrtcn

288 493 377 567 dum
389 493 508 565 Sixtus
522 517 611 590 papa
630 494 668 564 in
683 491 764 565 sede
776 491 970 591 apostoliea
984 490 1180 576 resideret,
1196 507 1235 563 et
1250 489 1340 563 AElin

289 609 489 685 Hadrianus
500 607 759 708 rempublicam
775 607 1006 708 gubernaret,
1022 606 1154 708 plenus
1166 606 1342 682 dierum«
1375 698 1379 708 Ι

289 727 488 816 virtutum,
506 726 685 798 Taurinos
709 738 764 797 ιιι·
785 725 863 797 idus
882 725 1021 823 augusti
1035 724 1080 798 de
1097 723 1200 800 coelo
1217 740 1344 798 ronta

287 826 361 929 ist,
381 856 418 915 et
439 841 583 915 ecclesia
600 841 737 941 populo
755 854 892 914 astante
908 839 1017 914 densa
1029 840 1290 941 odoriferaque
1301 866 1346 914 nr·

290 957 374 1031 bula
392 958 525 1058 repleta
545 975 612 1032 est.
633 960 831 1031 Transacto
848 957 956 1028 unius
974 954 1075 1030 borae
1091 956 1215 1056 spatio
1233 953 1346 1029 nebab

289 1076 451 1164 recessit,
468 1093 505 1149 et
518 1074 683 1174 pontifex
697 1075 734 1146 in
749 1070 914 1146 cathedra
928 1071 1070 1159 sedens,
1084 1086 1122 1145 et
1133 1071 1242 1172 quasi
1258 1096 1347 1145 oran

288 1188 455 1263 manibus
467 1190 641 1276 extensis,
656 1189 843 1289 oculisque
854 1188 897 1259 ad
912 1186 1048 1260 coelum
1058 1188 1171 1261 versis
1183 1188 1346 1287 apponit

290 1307 419 1405 lugens
433 1305 550 1377 luctus
563 1303 886 1404 parrocliianorum
897 1328 978 1374 casu
991 1303 1143 1400 pastoris
1157 1302 1278 1375 factus
1289 1317 1347 1388 est,

284 1425 457 1521 jussuque
474 1422 588 1522 angeli
609 1422 688 1520 (qui
706 1421 844 1519 populo
862 1421 899 1493 in
916 1420 1032 1518 speeie
1047 1419 1116 1502 viri
1135 1416 1349 1494 honorabilis

289 1541 518 1639 apparuerat)
534 1557 633 1612 extra
650 1537 778 1611 urbem
793 1539 892 1638 quasi
910 1536 954 1610 ad
968 1538 1112 1611 tertiam
1125 1554 1270 1637 partem
1286 1537 1350 1610 mil

290 1657 381 1730 liarii
396 1654 440 1728 ad
453 1656 679 1730 occidentem
691 1656 748 1726 vir
761 1654 824 1727 Dei
838 1655 997 1764 sepultus
1010 1670 1076 1728 eat.
1092 1656 1213 1728 boens
1227 1653 1350 1728 illedin

289 1773 522 1873 postmodum
534 1777 611 1846 sine
624 1771 764 1845 bonore
776 1769 918 1843 babitus
930 1786 996 1844 est.
1011 1770 1081 1844 Sed
1095 1797 1198 1844 nunc
1215 1770 1268 1843 ibi
1283 1796 1351 1871 gn·

292 1891 338 1962 tia
361 1890 425 1963 Dei
449 1890 581 1964 electus
610 1916 697 1988 grex
720 1887 983 1963 monachorum
1010 1888 1047 1961 in
1072 1887 1203 1961 militia
1225 1886 1351 1962 salubri

291 2008 510 2081 constitutus
522 2009 601 2104 est(
608 2009 657 2105 ι).
678 2009 720 2079 ln
736 2006 946 2109 sepelitione
964 2003 1179 2080 venerabilis
1200 2006 1352 2106 episcopi

290 2150 347 2197 res
360 2122 491 2196 accidit
505 2123 684 2195 inusitata.
702 2123 796 2195 Dum
813 2123 849 2195 in
862 2123 1045 2197 mausoleo
1056 2121 1190 2222 praesul
1204 2147 1251 2195 ex
1261 2146 1353 2194 mon

290 2256 502 2341 poneretur,
526 2240 753 2341 populusque
774 2240 882 2314 nimis
905 2238 1031 2326 lleret,
1056 2238 1116 2312 ille
1136 2238 1240 2340 quvi
1260 2240 1355 2310 virus

290 2355 334 2430 de
347 2356 440 2430 sossa
452 2357 592 2455 erigens
606 2383 661 2446 se,
676 2357 727 2427 ait
743 2386 751 2427 :
765 2356 898 2428 Filioli
912 2359 1000 2443 mei,
1019 2353 1113 2452 quid
1126 2352 1355 2450 ltocsacitis?

290 2473 420 2548 Nolite
434 2476 568 2545 timere.
582 2474 612 2546 J
612 2489 730 2546 ustum
745 2475 868 2545 virum
884 2472 1026 2545 audite.
1045 2472 1095 2544 Et
1110 2471 1291 2545 inclinato
1302 2497 1356 2544 oa·

290 2590 366 2689 pite
384 2589 495 2661 siluit.

341 2705 490 2804 Sepulto
507 2706 626 2807 itaque
640 2730 746 2782 servo
760 2705 911 2792 Christi,
931 2705 1024 2779 dixit
1039 2705 1084 2779 ad
1101 2705 1280 2806 populum
1296 2732 1358 2778 au-

289 2823 388 2924 gelus
404 2823 470 2896 Dei
488 2854 497 2894 :
514 2825 688 2898 Recedite
699 2823 886 2915 velociter,
903 2850 949 2897 ne
964 2823 1197 2897 involvamini
1212 2823 1262 2896 ab
1281 2823 1360 2896 bos·

293 2940 401 3012 tr'bus.
420 2939 532 3014 Nunc
552 2946 676 3017 civitas
698 2944 771 3016 isto
791 2942 1020 3027 subvertetur,
1042 2942 1110 3015 sed
1128 2940 1254 3014 nullus
1277 2968 1361 3014 ves-

293 3072 388 3127 trum
390 3057 678 3158 periclitabitur.
692 3056 892 3130 Permulta
904 3074 1067 3159 tempora
1080 3059 1287 3157 incognitus
1299 3061 1361 3130 erit

294 3174 396 3247 locus
411 3177 490 3247 iste.
506 3174 569 3246 llis
583 3173 688 3248 dictis
704 3201 881 3275 nusquam
896 3176 1117 3274 comparuit,
1134 3191 1170 3249 et
1184 3175 1362 3275 completa

294 3308 380 3364 sunt
396 3294 516 3365 omnia
533 3308 576 3365 ut
587 3293 769 3392 praedixit.
786 3293 878 3366 Nam
890 3295 1097 3393 sepulcrum
1117 3295 1232 3366 sancti
1250 3296 1363 3366 antis·

295 3410 370 3481 titis
395 3426 431 3482 et
453 3411 737 3483 anniversarium
757 3412 927 3485 transitus
951 3414 1025 3509 ejus
1041 3409 1104 3482 diu
1126 3408 1291 3484 homines
1311 3409 1364 3480 la·

295 3541 466 3615 tuerunt,
481 3527 542 3600 sed
553 3528 734 3602 revelante
747 3528 825 3602 Deo
836 3527 1067 3627 postmodum
1078 3526 1235 3628 gloriose
1245 3543 1365 3626 patue-

293 3660 380 3717 runt
392 3645 458 3743 (a)
473 3645 578 3746 Signa
593 3671 739 3746 quoque
753 3645 928 3718 nonnulla
943 3672 1008 3745 per
1020 3671 1104 3718 eum
1116 3641 1210 3742 apud
1225 3641 1364 3715 Ebroas

331 3882 371 3950 (ι)
389 3881 428 3936 Ce
439 3883 495 3937 lien
508 3894 550 3938 est
566 3882 637 3938 oelui
654 3885 691 3937 οὺ
705 3881 761 3938 l’on
771 3886 828 3939 voit
839 3903 939 3938 encore
951 3884 1170 3957 l’mnplacement
1183 3883 1222 3937 du
1234 3884 1365 3939 tomboau

298 3967 333 4022 de
344 3970 417 4024 saint
427 3971 548 4038 Tauria,
562 3983 590 4025 et
603 3975 640 4026 ori
652 3989 707 4026 une
720 3972 823 4045 abbaye
835 3991 851 4025 a
864 3977 908 4028 ete
922 3973 1021 4028 londin
1031 3992 1065 4029 en
1081 3991 1131 4029 aon
1142 3974 1274 4029 honneur
1285 3985 1366 4029 arant

298 4059 323 4114 la
335 4060 371 4113 sin
385 4057 423 4111 dn
433 4069 483 4114 vn·
499 4061 588 4115 siecle.
602 4062 732 4135 Quoiqne
747 4064 868 4134 compris
877 4062 946 4118 dana
960 4063 984 4117 la
1001 4064 1230 4136 ciroontcription
1247 4061 1367 4118 annulle

296 4140 445 4216 d’llrreux,
462 4152 481 4206 il
494 4153 586 4207 e'taitt
599 4173 654 4208 uno
667 4158 788 4210 certainc
802 4155 925 4209 distance
937 4156 972 4209 dr
986 4157 1131 4214 l'encrinte
1143 4158 1277 4212 romainr.

324 4244 368 4311 (a)
385 4241 424 4299 lei
438 4240 550 4297 a’arrite
563 4241 588 4297 la
601 4242 717 4316 legende
732 4242 892 4315 reprodnitr
908 4262 943 4300 en
958 4245 1061 4317 abrrge
1070 4245 1173 4319 jusque
1186 4242 1211 4299 ll
1222 4262 1273 4319 par
1283 4253 1367 4299 notro
