2768 5094
285 428 325 490 38
560 430 743 491 HISTORIA
765 431 1068 493 ECCLESIASTlCA.
1250 438 1345 515 [1050]
1383 456 1384 464 ’

286 548 401 622 lermo
414 560 450 619 et
463 545 650 621 llodbcrto
663 547 744 620 filiis
756 547 901 623 Rodulli
914 557 1159 649 cognomento
1172 552 1344 640 Ftaisnel,

285 664 405 739 decem
423 678 459 736 et
477 677 560 737 octo
579 663 698 752 tibris3
717 666 809 738 sicut
827 682 992 739 tenuerat
1011 693 1087 740 eam
1104 666 1260 768 quidam
1278 698 1345 744 mo

286 780 420 853 nachus
435 782 584 855 nomine
600 782 773 856 Placidus.
792 786 967 858 Praetcrea
987 785 1150 859 vendidit
1169 787 1345 863 llubertus

285 895 330 968 de
345 895 482 968 Uneins
501 897 558 994 (r)
576 897 752 996 proedicto
765 896 883 971 abbati
902 899 1085 973 ecelesiam
1101 904 1268 1000 ejusdem
1285 904 1347 975 vil·

285 1013 330 1084 lae
351 1028 388 1086 et
404 1031 552 1112 arpenta
571 1032 690 1088 terrae.
714 1017 798 1087 llaec
820 1017 940 1089 omnia
956 1016 1159 1115 supradicta
1178 1021 1346 1094 concessit

285 1131 453 1206 dominus
471 1157 598 1204 eorum
610 1132 841 1220 Willermus,
861 1133 955 1205 filius
974 1131 1125 1207 Osberni
1144 1136 1344 1209 senescalci.

337 1248 421 1320 Post
433 1247 509 1320 haee
522 1247 738 1336 Rodbertus,
758 1249 853 1322 filius
869 1248 1006 1336 Geroii,
1023 1275 1189 1322 annuens
1207 1265 1248 1324 et
1265 1277 1346 1325 ooo·

284 1362 432 1436 firmans
447 1391 684 1466 quaecumque
701 1365 829 1440 fratres
846 1381 882 1438 et
899 1382 1064 1465 nepotes,
1085 1366 1152 1465 ipsi
1170 1380 1209 1439 et
1226 1392 1346 1441 eorum

287 1477 474 1570 homines,
496 1483 669 1581 praedicto
688 1483 767 1558 loeo
790 1485 1032 1572 donaverant,
1060 1483 1161 1557 dedit
1178 1485 1291 1557 etiam
1310 1483 1348 1556 de

287 1596 432 1694 praediis
453 1599 524 1670 suis
548 1601 613 1698 ipsi
633 1600 715 1672 loco
731 1601 903 1672 Sanctum
923 1600 1130 1695 Serenicum
1142 1652 1154 1687 ,
1181 1601 1347 1672 sanctum

288 1714 437 1786 Petrum
461 1715 504 1788 de
521 1717 698 1790 Potestate
719 1716 827 1804 Nidi,
846 1731 883 1789 et
900 1742 1025 1788 omnes
1041 1714 1198 1788 decimas
1216 1714 1264 1789 ad
1282 1718 1346 1815 ipsa

287 1827 363 1899 loca
378 1830 612 1927 pertinentes,
627 1829 863 1903 etdimidium
874 1829 1021 1929 virgulti
1035 1828 1155 1901 Sancti
1172 1830 1345 1914 Scaenici,

285 1945 568 2048 piscationesque
587 1948 624 2019 in
645 1946 745 2020 Serta
762 1945 805 2019 ad
823 1945 996 2045 placitum
1014 1945 1282 2021 monachorum
1303 1945 1344 2018 ibi

286 2059 547 2152 habitantium,
573 2080 801 2164 soractamque
828 2063 979 2134 Mariam
1004 2063 1048 2136 de
1071 2077 1199 2136 monte
1225 2063 1344 2136 Wan-

286 2177 402 2266 telen,
424 2179 669 2281 decimamque
687 2179 827 2252 Siralais
846 2194 976 2265 totam,
1003 2177 1099 2252 etde
1117 2179 1262 2251 cunctis
1284 2179 1345 2252 lao-

287 2293 439 2366 noribus
460 2283 551 2392 quos
573 2297 646 2395 ipse
668 2295 859 2394 adepturus
880 2309 969 2367 erat.
993 2293 1132 2367 Deinde
1154 2293 1342 2378 Radnlfus,

288 2408 383 2480 lilius
399 2406 613 2496 Godelredi,
627 2414 700 2508 ejus
717 2410 819 2482 miles
830 2410 928 2483 dedit
939 2411 1055 2483 eidem
1068 2410 1151 2484 loeo
1166 2410 1343 2486 ecclesiam

288 2524 332 2597 de
350 2524 475 2599 Radon
484 2580 494 2613 ,
514 2527 578 2600 illo
589 2528 820 2601 concedente.
835 2529 934 2601 luter
951 2528 1027 2600 lraec
1041 2528 1189 2601 audiens
1204 2527 1343 2632 quidam

288 2641 390 2715 miles
404 2642 519 2715 bonus
536 2644 581 2717 de
602 2645 727 2718 Drocis
747 2644 868 2718 Wado
887 2646 1036 2719 nomine
1053 2644 1276 2719 condonavit
1291 2670 1344 2719 eo-

289 2760 431 2833 elesiam
455 2762 566 2833 sancti
595 2760 776 2834 Michaelis
802 2762 906 2833 sitam
930 2786 1037 2860 super
1060 2761 1156 2834 Arva
1187 2763 1227 2833 in
1260 2784 1342 2860 pago

290 2874 519 2970 Ebroiccnsi,
547 2877 856 2952 consentientibus
878 2877 1035 2951 dominis
1056 2875 1127 2949 suis
1150 2891 1188 2951 et
1212 2876 1295 2951 filiis
1312 2889 1341 2949 et

289 2993 498 3092 parentibus
514 3013 550 3068 et
567 2996 688 3067 amicis
706 2997 721 3092 (
746 2997 776 3093 ).

338 3113 402 3184 llae
415 3127 499 3182 sunt
509 3110 734 3199 donationes,
753 3139 839 3211 quas
850 3112 1064 3185 Willermus
1080 3127 1116 3184 et
1128 3110 1339 3195 Rodbertus,

287 3228 420 3327 aliique
437 3229 578 3327 cognati
596 3253 720 3302 eorum
737 3227 896 3300 Uticensi
911 3228 1084 3301 coenobio
1100 3227 1297 3318 dederunt3
1311 3242 1340 3300 et

288 3361 422 3419 cartam
439 3344 522 3419 inde
541 3345 710 3419 facientes
728 3345 922 3418 Willermo
945 3345 1027 3417 duci
1051 3344 1340 3420 Normannorum
1380 3350 1383 3355 '

322 3662 332 3727 (
338 3663 360 3728 t)
375 3663 503 3715 Aneeins.

323 3750 361 3816 (a)
380 3749 740 3811 Salat-Ceneri-lc·Giroie;
764 3748 787 3800 la
802 3745 1053 3812 Ponte-‹lesdidn
1073 3746 1248 3815 Candebia,
1263 3744 1340 3802 sint.
1378 3799 1380 3814 ,

287 3835 395 3890 Radon.
410 3838 504 3903 Quant
518 3839 533 3888 a
546 3836 649 3907 l'eglisc
668 3836 703 3887 ‹lc
717 3835 926 3901 Saint-llliclrel‚
944 3837 1032 3888 situec
1049 3853 1097 3889 sur
1108 3834 1199 3890 l’rlere
1212 3845 1241 3888 et
1254 3851 1341 3908 appar

287 3935 383 3979 tenant
400 3923 579 3990 al'Esrecin,
601 3942 669 3977 trous
686 3925 748 3977 n'en
764 3943 864 3996 voyous
876 3942 923 3997 pas
937 3923 1083 3978 d'auuest
1099 3925 1148 3998 qui
1162 3942 1208 3978 ces
1226 3922 1342 3978 donum

289 4015 411 4085 puissent
424 4014 555 4066 convenit
569 4012 701 4085 (procelle
714 4013 783 4066 dela
797 4015 917 4086 paroisse
929 4011 1129 4067 d‘Alaincourt.
1145 4012 1183 4066 Le
1198 4023 1343 4086 patronage

286 4101 321 4153 de
343 4112 414 4155 cette
438 4119 502 4155 ettae
517 4101 687 4173 appartenait
701 4099 748 4152 des
762 4120 816 4154 tane
829 4105 935 4172 opesque
949 4100 1004 4153 sort
1019 4101 1153 4154 retulerit
1171 4099 1295 4171 l'ablnn·
1310 4098 1343 4150 «lu

287 4191 348 4243 lter.
