2768 5094
140 392 210 466 ns]
497 384 614 447 trusit
634 384 829 462 ausurus.
1135 386 1198 450 sn

140 534 254 610 quam
270 507 366 580 intra
383 534 398 606 p
443 601 455 606 ·
530 533 569 579 ¹as
586 508 671 581 caeci
746 506 860 580 ttatim
873 505 1033 578 stillavit.
1054 506 1109 580 Ad
1125 524 1201 582 tae-

142 652 206 698 um
231 624 361 723 primae
381 638 495 723 guttae
518 623 633 699 oculis
656 624 666 696 l
714 654 718 697 ι
802 621 985 698 redditum
1003 638 1081 712 est;
1104 625 1202 703 unde

141 742 356 816 llnminatus
373 740 666 842 paterfamilias}
706 769 746 816 rr
790 741 860 815 rita
880 741 993 814 sancti
1010 738 1200 832 Gutblaci,

140 861 260 959 gratias
283 858 368 959 egit.
394 858 501 932 Multi
519 884 667 961 quoque
685 859 744 933 alii
764 859 913 932 diversis
932 857 1204 935 infirmitatibus

140 978 289 1078 gurali,
310 977 441 1049 auditis
459 977 670 1052 rumoribus
691 976 949 1051 miraculorum
970 974 1064 1050 beati
1086 974 1204 1050 Gutb·

140 1095 215 1179 aci,
230 1091 427 1191 palustrem
438 1092 684 1185 crulandiam,
695 1091 758 1166 ubi
773 1108 935 1165 sanctum
947 1118 1080 1192 corpus
1091 1094 1207 1193 quies·

140 1211 193 1297 :it,
208 1207 356 1296 adeum,
369 1213 513 1310 ejusque
525 1210 665 1283 meritis
678 1210 866 1284 sanitatem
880 1210 1057 1309 integrum
1071 1207 1206 1310 adepti,

140 1328 207 1403 Deo
224 1328 356 1427 gratias
373 1327 551 1402 referunt.

181 1443 373 1516 xvt.1{uc
386 1469 498 1542 usque
509 1443 635 1517 Felicis
645 1443 803 1543 episcopi
816 1443 948 1542 scripta
958 1442 1003 1517 de
1013 1439 1196 1517 venerabil

140 1559 314 1636 Sutblsco
326 1558 485 1635 breviter
498 1577 640 1634 secutus
652 1562 862 1659 sum(i),ct
875 1558 958 1633 huic
971 1559 1210 1659 opusculoin·

140 1680 226 1755 erui
239 1676 285 1751 ad
299 1678 439 1752 laudem
454 1678 518 1752 Dei
533 1693 570 1753 et
582 1677 744 1751 fidelium
757 1675 1035 1751 aedificationem
1049 1702 1208 1759 morum.

140 1796 272 1871 ssaetera
300 1821 383 1897 quoe
415 1810 551 1868 restant
581 1797 626 1868 de
653 1795 927 1869 constructione
956 1794 1211 1869 crulandensis

140 1914 342 1988 monasterii
360 1927 397 1985 et
410 1911 635 1987 habitatione
647 1909 938 2000 coenobitarum,
957 1938 1000 1985 ex
1017 1913 1132 1984 veraci
1150 1937 1211 1985 re·

140 2030 270 2103 latione
287 2028 437 2128 Ansgoti
460 2026 681 2127 subprioris,
701 2027 928 2128 aliorumque
946 2025 1129 2127 proferam
1150 2052 1212 2102 se·

140 2146 297 2219 niorum.
332 2145 408 2219 Rex
441 2141 674 2230 Edelbaldus,
703 2155 744 2214 ut
771 2141 916 2218 beatum
946 2141 1212 2217 consolatorem

140 2286 240 2333 suum
257 2259 441 2334 miraculis
457 2283 645 2333 coruscare
663 2259 859 2358 comperit,
880 2258 1001 2334 locum
1016 2259 1211 2360 sepulturas

140 2378 208 2474 rjus
226 2374 385 2476 gaudens
407 2374 576 2474 expetiit,
599 2388 637 2446 et
657 2398 695 2446 es
711 2400 795 2475 quse
815 2373 921 2449 beato
941 2374 1022 2449 viro
1035 2377 1110 2475 jam
1127 2399 1212 2476 rege

140 2520 225 2567 uum
237 2493 387 2593 adeptus
397 2491 595 2566 donamrm
605 2492 686 2588 (a),
701 2489 941 2565 servientibus
953 2492 985 2565 ei
1001 2492 1212 2593 pereriniter

140 2613 326 2686 coracessit.
342 2610 433 2684 Nam
446 2608 604 2710 quodam
620 2624 797 2708 tempore,
816 2607 903 2682 dum
924 2608 1016 2683 idem
1033 2633 1210 2682 meausa

140 2727 304 2801 visitandi
319 2744 514 2829 patronum
527 2753 646 2814 suum,
662 2741 857 2826 antequam
867 2727 1050 2826 migraret,
1061 2724 1211 2799 Crulan·

140 2844 233 2919 diam
250 2843 384 2933 odiret,
401 2861 438 2918 et
456 2845 511 2916 vir
529 2844 594 2916 Dei
612 2843 771 2942 quietam
789 2844 1012 2917 mansionem
1031 2844 1068 2916 in
1087 2844 1210 2918 eadem

140 2962 253 3037 insula
266 2961 334 3035 sibi
351 2960 456 3036 abeo
469 2959 617 3035 concedi
632 2959 852 3060 postularet,
865 2960 1027 3061 quinque
1043 2958 1209 3033 milliaria

140 3081 179 3155 ud
191 3081 374 3155 orientem
389 3111 399 3152 z
417 3080 452 3153 id
467 3094 521 3153 est
533 3078 576 3150 ad
591 3077 721 3152 fossam
736 3101 819 3179 quae
833 3076 1045 3173 leudico)
1060 3074 1208 3162 dicitur,

140 3216 172 3272 rt
198 3202 266 3273 tria
289 3199 333 3271 ad
352 3198 598 3286 occidentem,
619 3196 765 3296 duoque
781 3194 824 3267 ad
849 3195 1057 3283 meridiem,
1076 3209 1113 3267 et
1132 3194 1207 3271 duo

140 3315 181 3387 ud
194 3316 405 3416 aquilonem
420 3314 611 3402 concessit,
624 3327 661 3388 et
672 3311 717 3384 ab
731 3313 831 3386 omni
846 3310 987 3385 redditu
1000 3327 1108 3411 aufus
1121 3336 1210 3384 con·

140 3432 329 3507 suetudine
351 3431 511 3505 saeculari
531 3427 703 3506 omnibus
728 3428 845 3502 modis
869 3427 1044 3516 absolvit,
1068 3444 1105 3502 et
1126 3427 1210 3503 inde

173 3727 183 3791 (
190 3732 214 3792 ι)
232 3724 313 3779 &tte
327 3725 368 3777 sie
386 3723 421 3777 de
434 3725 505 3777 saint
522 3721 647 3778 Gutlslae
659 3732 701 3776 est
719 3738 755 3776 eo
767 3718 831 3775 edet
843 3737 882 3775 un
897 3719 999 3775 nnsis
1015 3723 1071 3776 uda
1083 3718 1164 3778 fid&
1175 3721 1212 3778 ds

140 3815 208 3869 idle
227 3814 266 3868 du
287 3818 379 3869 moine
392 3826 421 3869 et
437 3833 494 3869 uon
510 3813 545 3868 de
563 3813 686 3888 l'cvi‘que
700 3810 792 3879 Felix,
808 3812 914 3866 iuscrde
927 3827 963 3865 en
976 3811 1068 3866 entier
1085 3808 1155 3867 daus
1172 3812 1212 3868 les

142 3909 214 3959 Aeta
227 3906 280 3959 SS.
296 3904 401 3958 oritanis
417 3906 445 3958 S.
463 3903 621 3971 Benedicti,
637 3921 701 3957 soee.
718 3919 757 3956 ut.

173 4000 213 4063 (a)
232 3995 353 4051 Orderic
366 4013 485 4068 suppose
495 4012 550 4069 qus
563 4012 594 4048 ce
608 3995 648 4048 rui
664 3995 774 4066 partiat
786 4009 823 4047 sn
836 3991 916 4046 trisne
931 3991 970 4046 do
980 3990 1119 4048 sivsutdu
1129 3993 1210 4049 saint.

176 4082 215 4145 <32
232 4086 313 4140 (lette
331 4086 401 4140 tonse
415 4086 510 4140 n'a‘estt
528 4087 608 4158 point
621 4087 636 4139 a
650 4084 761 4140 l'oeicut
773 4082 809 4138 de
821 4080 988 4148 Crowlsod,
1004 4083 1072 4140 mais
1081 4102 1116 4140 su
1127 4082 1211 4149 nord,

144 4184 212 4229 «tans
227 4176 252 4230 le
266 4180 404 4250 suisiuage
417 4176 452 4232 de
465 4174 610 4250 Spalding.
