2768 5094
285 361 345 422 360
561 360 744 420 HISTORIA
767 361 1073 421 tcctfstnsttct.
1103 300 1137 405 ‘⁴

287 495 390 552 uccc⁰
422 488 508 552 cxx·
537 496 588 552 vr'
615 479 719 553 Rollo
748 507 830 553 cum
858 483 930 553 suis
959 480 1168 555 Neustriam
1194 499 1334 581 penetra
1371 522 1384 573 .⁴

287 598 360 684 vit,
382 611 420 669 et
436 623 501 695 per
518 622 632 670 annos
653 622 728 668 xxx
752 596 905 670 Galliam
926 597 1050 688 bellis,
1072 596 1217 699 rapinis
1239 613 1275 672 et
1294 602 1338 673 iu·

287 711 421 786 cendiis
452 711 646 787 admodum
673 713 810 786 afflixit.
841 715 978 788 Contra
1004 712 1207 788 Ricardum
1231 710 1340 803 duod
1376 770 1379 779 -

287 831 590 932 Burgundionum
623 847 661 905 et
686 832 841 904 Ebalum
873 833 1167 920 Pictavensium,
1202 832 1350 935 aliosipe

285 949 466 1050 principes
477 948 676 1023 Galliarum
690 950 875 1049 pugnavit,
892 949 1102 1050 crebrisque
1114 950 1341 1025 victoriis&

263 1116 267 1125 .
287 1078 358 1155 tus,
372 1063 484 1135 multa
495 1063 711 1138 detrimenta
721 1063 946 1138 Christicolis
958 1063 1105 1138 inflixit.
1120 1065 1342 1166 Deniqnel's

285 1181 386 1254 rolus
399 1181 558 1279 Simplex
572 1181 666 1253 filius
679 1180 852 1255 Ludovici
867 1180 1052 1255 Nihilfecit
1063 1184 1135 1280 (r),
1150 1207 1232 1256 non
1242 1181 1342 1257 sucus

286 1324 452 1396 guerram
465 1298 643 1387 Rollonis,
656 1325 780 1398 pacem
792 1298 1194 1386 cumeosecit,Gislam
1207 1300 1240 1373 ei
1252 1297 1342 1373 filisu

287 1440 388 1486 suam
415 1419 604 1516 conjugem
632 1415 749 1506 dedit,
780 1433 817 1490 et
845 1417 1048 1491 Neustriam
1078 1418 1260 1492 concessit
1286 1419 1342 1515 (a).

288 1531 394 1603 Tunc
411 1530 612 1605 Alexander
628 1548 664 1605 ct
680 1534 939 1606 Constantinus
955 1558 1039 1606 cum
1053 1549 1173 1607 matre
1188 1558 1251 1606 sua
1267 1533 1342 1618 Zoe,

289 1664 326 1722 et
338 1651 521 1723 Romanus
533 1649 767 1724 Armeniacus
784 1652 933 1750 Augusti
948 1651 1344 1751 Constantinopolim&

289 1793 431 1841 navere.

289 1939 331 2001 Aa.
430 1935 529 1991 Sedem
543 1936 682 2009 pontificis
690 1936 864 1993 Gunhardus
874 1939 903 1992 in
915 1937 1015 1994 ordine
1024 1940 1156 2012 sumpsit,

430 2026 514 2082 Utilis
526 2028 556 2082 in
565 2027 683 2100 populo,
700 2027 821 2101 prudens
834 2047 946 2102 quoque
956 2028 1116 2083 consiliator
1125 2026 1174 2100 (t).

291 2185 358 2256 Hic
374 2209 480 2259 xxrtu
494 2188 620 2271 annis,
637 2202 799 2287 tempore
818 2186 971 2261 Romani
988 2186 1194 2260 Armeniaci
1212 2187 1347 2286 Augusti

290 2313 327 2371 et
343 2296 587 2387 Conshntini,
604 2301 746 2372 claruit.
764 2301 870 2373 Tunc
887 2302 925 2372 in
940 2301 1054 2375 Gallia
1067 2299 1277 2375 Rodbertus
1288 2300 1349 2373 dux

290 2415 449 2488 diadema
480 2415 547 2487 sibi
578 2418 791 2515 assumpsit,
824 2433 952 2491 contra
979 2443 1088 2517 quem
1117 2417 1270 2492 Carolus
1297 2444 1350 2491 m

291 2534 418 2607 eodem
437 2561 535 2613 anno
552 2535 746 2637 pugnavit,
766 2552 802 2607 et
820 2540 1006 2633 perjurum
1031 2534 1236 2623 interfecit3
1256 2537 1351 2636 llugn

294 2667 434 2738 tamen,
456 2638 634 2750 perempti
643 2649 745 2724 ducis
758 2650 865 2741 filius,
878 2654 1067 2727 victoriam
1083 2651 1263 2727 obtinuit.
1279 2653 1353 2726 Non

294 2767 411 2841 multo
423 2782 506 2867 post
519 2764 717 2841 Herbertus
731 2769 902 2844 Parronae
915 2794 1053 2856 comes,
1069 2769 1233 2871 Hugonis
1243 2769 1354 2869 Magni

293 2885 467 2971 sororius,
483 2911 604 2985 regem
616 2883 702 2959 dolo
714 2885 823 2985 cepit,
840 2901 877 2958 et
890 2886 928 2958 in
943 2910 1085 2959 earcere
1102 2882 1220 2971 tribus
1234 2887 1354 2959 annis:

293 2999 337 3071 ad
348 3017 504 3076 mortem
513 3001 647 3074 scilicet
657 3003 763 3102 regis,
777 3028 861 3074 eum
874 3002 1002 3074 tenuit.
1014 2999 1217 3074 Ludovicus
1226 3017 1354 3087 autem,

293 3118 388 3191 filius
406 3120 512 3219 regis,
536 3119 571 3190 in
590 3118 756 3218 Angliam
776 3145 860 3190 cum
876 3117 1008 3218 Edgiva
1027 3133 1142 3191 matre
1163 3144 1226 3191 sua
1249 3117 1357 3220 Edel·

293 3252 436 3309 stanum
453 3236 670 3309 avunculum
682 3263 799 3323 suum,
820 3235 933 3309 silium
948 3234 1107 3309 quardi
1120 3237 1289 3324 senioris,
1301 3262 1359 3309 re-

329 3503 367 3571 (ι)
386 3501 425 3554 Co
438 3518 552 3554 surnom
566 3520 580 3553 a
597 3511 711 3554 souvent
725 3503 768 3555 ete
782 3500 878 3571 inflige
890 3502 906 3553 t
919 3499 1149 3573 louis-le·Bl²gue
1162 3518 1214 3574 par
1225 3501 1266 3557 les
1282 3502 1358 3557 cluo-

295 3589 427 3662 niqucurs
440 3589 478 3643 ‹lu
497 3608 595 3662 moyen
609 3591 668 3660 Agr.
690 3591 764 3656 Sive,
787 3591 830 3644 dit
843 3589 969 3653 Aimoin,
991 3588 1068 3662 quod
1084 3593 1137 3645 viic
1155 3590 1268 3647 dioto
1279 3596 1358 3647 mis

295 3699 381 3748 regno
393 3683 509 3750 potitus,
526 3679 598 3731 uitii!
609 3690 720 3732 strenue
734 3682 820 3748 gessit
828 3705 835 3738 ;
850 3682 906 3732 sive
920 3676 998 3750 (lund
1013 3680 1253 3735 sanctimonialem
1263 3701 1357 3754 quam·

295 3767 370 3833 derna,
382 3771 464 3822 sicuti
473 3788 491 3821 a
503 3768 655 3840 majoribus
666 3772 829 3838 (accepimus,
842 3769 915 3822 Itale
927 3771 1094 3822 monasterio
1104 3768 1287 3837 abstractam,
1300 3791 1358 3825 con·

293 3860 370 3929 jugie
384 3861 518 3926 cupidatis
532 3880 593 3919 snm
606 3869 762 3928 peccatum,
776 3859 853 3932 (lund
864 3860 936 3913 nitu!
946 3879 1006 3913 csse
1020 3862 1150 3923 noscitur,
1162 3867 1342 3933 perpetravit.

330 3956 368 4015 ir.)
387 3952 439 4002 Sui·
458 3962 602 4003 lentiscis
621 3952 782 4010 asscrtiuns,
802 3969 881 4003 inssi
902 3968 950 4004 nos
967 3963 1045 4009 notus
1064 3949 1101 4004 dn
1121 3950 1189 4005 litrc
1208 3963 1246 4011 ν’,
1267 3972 1284 4025 p
1317 3954 1355 4006 ilii

295 4050 318 4087 rt
340 4046 386 4091 itu

329 4125 369 4191 (3)
388 4127 539 4180 linntlnnrl
555 4130 700 4199 (propius
719 4152 722 4179 ι
