2768 5094
12 343 151 419 [soso]
416 341 531 403 uses
553 342 736 420 ausurus.
1055 354 1117 415 sa

15 488 180 537 mres
191 479 387 563 parentum
406 491 573 552 suorum,
593 469 754 569 episcopi
772 474 990 542 canonicam
1003 475 1114 573 justi·

21 578 132 651 dam
150 595 391 679 exequantur.
414 582 497 653 Rea
517 587 611 653 enim
630 585 716 656 inde
733 585 875 657 nullum
889 590 1040 661 sustinet
1056 593 1117 664 uel

25 712 178 787 tuetur,
203 697 272 770 sed
287 699 415 800 potius
437 701 628 801 episcopos
650 701 864 803 adjuvando
885 704 1054 779 admonet
1077 726 1116 780 ut

32 811 106 885 bea·
124 814 202 887 Dei
205 814 366 915 firmiter
381 832 555 888 teneatur.

91 936 131 1005 3.
141 932 363 1033 Presbyteri,
375 934 537 1024 diaconi,
548 934 771 1009 subdiaconi
777 955 810 1009 et
818 965 938 1012 ornnes
948 944 1118 1015 canonici

35 1066 74 1121 et
92 1050 232 1123 decani
247 1050 388 1123 nullam
404 1053 552 1124 omuino
562 1053 750 1149 seminam
767 1054 937 1128 babeant.
955 1057 1067 1149 Quod
1082 1062 1118 1130 si

40 1168 185 1267 aliquis
199 1185 285 1269 post
303 1168 468 1240 eamdem
485 1170 632 1271 culpam
648 1173 751 1241 uisus
762 1174 885 1267 fiterit
902 1177 1113 1265 incurrisse,

42 1285 78 1353 si
90 1310 164 1384 per
180 1285 360 1355 ministros
376 1287 537 1384 episcopi
552 1284 638 1357 inde
650 1291 754 1387 pn'us
762 1285 884 1385 suerit
899 1305 1113 1379 accusatus,

44 1404 83 1471 in
96 1403 206 1473 curia
219 1390 383 1503 episcopi
392 1429 432 1473 se
438 1402 628 1503 purgabit.
642 1403 686 1474 Si
696 1430 779 1476 uero
786 1406 1117 1507 parrocbiauorum

44 1518 107 1589 eei
116 1516 349 1591 dominonuu
360 1544 508 1591 suorum
520 1519 654 1618 ab'quis
666 1546 746 1590 euru
757 1525 862 1619 prius
873 1526 1116 1612 accusaverit,

46 1633 182 1707 babeat
197 1652 393 1709 accusatus
407 1634 578 1707 inducias
597 1651 636 1705 ut
649 1663 730 1706 curu
745 1640 917 1738 episcopo
930 1641 1049 1738 possit
1063 1638 1119 1711 Io·

46 1755 131 1849 qui,·
143 1770 179 1824 et
194 1758 227 1823 si
239 1778 278 1823 se
288 1778 452 1853 purgare
465 1752 636 1839 volucrit,
654 1754 691 1822 iu
706 1754 833 1824 eadem
841 1754 1044 1855 parrochia
1059 1758 1122 1827 cui

47 1872 175 1958 servit,
198 1868 437 1969 prasentibus
457 1867 713 1967 parrochianis
733 1868 903 1970 pluribus
929 1888 1014 1941 unte
1038 1872 1121 1973 epi-

48 1989 149 2085 scopi
164 1987 349 2057 nu‘usstros
365 2000 400 2055 et
420 2010 543 2055 eorum
555 1984 703 2083 judicio
717 2010 756 2054 se
770 1984 956 2083 purgabit.
973 1986 1119 2056 sivero

44 2128 210 2204 purgare
218 2130 259 2175 se
269 2130 343 2175 nou
347 2106 521 2206 potuerit,
536 2101 746 2173 Ecclesiam
755 2101 884 2202 perula
900 2104 1121 2203 irrecupera-

50 2221 182 2295 biliter.
212 2220 298 2295 Hoc
321 2219 524 2319 pradictus
552 2244 617 2287 rea
642 2220 789 2295 statuit,
817 2243 890 2289 uon
914 2222 1123 2318 percuniter·

50 2341 234 2443 episcopis
248 2340 326 2411 suis
342 2336 542 2438 differendo
559 2332 717 2406 debitam
728 2338 930 2435 justitiam,
949 2336 1017 2407 sed
1032 2338 1121 2435 quia

49 2458 210 2559 episcopi
242 2480 286 2529 aa
315 2473 474 2556 tempore
501 2454 621 2525 minus
646 2478 758 2550 quarn
785 2456 1007 2525 conuenisset
1035 2452 1123 2525 iude

38 2574 213 2671 jecerant
217 2605 236 2659 ,·
249 2570 370 2645 donec
386 2574 466 2673 ipse
481 2596 605 2641 corum
619 2568 749 2641 uidens
765 2570 1053 2642 emendationem
1068 2571 1121 2642 eis

50 2688 216 2763 redderet
235 2714 306 2791 pm
327 2686 536 2785 benefacto,
561 2686 665 2785 qitod
684 2702 770 2759 tunc
791 2685 839 2757 de
861 2714 973 2758 mauu
997 2712 1122 2759 eorum

51 2807 299 2911 tanporaliter
314 2806 446 2879 tulerat
457 2832 527 2907 pro
544 2808 750 2877 conunisso.

95 2934 136 3023 4.
152 2924 293 3001 Nullus
304 2926 422 3000 laicus
441 2928 478 2996 iu
498 2922 699 2995 redditibus
716 2923 860 3003 altaris,
878 2923 938 2994 uel
949 2928 985 2994 iu
997 2924 1124 3024 sepub-

50 3060 152 3133 tum,
172 3042 235 3117 uel
250 3045 289 3116 in
306 3047 413 3117 tertia
427 3059 536 3144 parte
551 3043 706 3113 tieciuur
722 3042 869 3140 aliquid
885 3041 1041 3121 lutbcat‚·
1058 3070 1125 3117 ucc

45 3166 245 3260 pecuniam
266 3188 338 3263 pm
358 3160 485 3234 boriuu
510 3159 719 3231 ocriditioue
742 3159 800 3231 uel
826 3160 1025 3231 donatione
1047 3160 1125 3231 ali-

50 3296 231 3379 quatenus
242 3278 399 3363 babeca-
415 3304 483 3349 uec
492 3278 682 3379 presbrter
693 3278 780 3347 inde
795 3276 1121 3373 seruitiumjaciat,

50 3398 123 3469 nisi
136 3394 356 3495 legationem
369 3392 511 3464 doutiui
524 3395 587 3463 sui
597 3408 734 3494 portet,
752 3396 803 3461 itu
819 3409 856 3460 ut
872 3397 908 3462 iu
924 3392 1052 3463 eudon
1066 3390 1126 3463 die.

49 3510 105 3587 ad
127 3514 310 3585 servitt'utu
337 3511 518 3583 Ecclesia·
550 3525 770 3587 r·euertatut·‚·
803 3526 837 3579 et
865 3510 918 3579 ad
941 3512 1124 3581 oreueones

50 3642 64 3725 (
73 3656 148 3732 per
170 3628 439 3703 nominatam
468 3627 719 3722 solummodo)
747 3630 879 3698 uictum
906 3628 1048 3697 domini
1068 3628 1130 3698 sui

51 3742 209 3835 tabem,
225 3746 260 3816 si
274 3744 445 3817 domiuus
459 3743 630 3827 uoluerit,
650 3769 771 3814 scciuu
791 3743 906 3814 cudat
917 3776 929 3823 ,·
944 3743 1125 3814 seruitium

53 3860 236 3935 Ecciest'oe
249 3860 437 3961 presbyter
452 3862 592 3931 interitu
611 3878 722 3930 curet.

104 3980 139 4049 5.
160 3976 366 4071 Presbyteri
386 3976 434 4050 ab
455 3981 634 4080 episcopis
660 3978 716 4048 uel
737 3978 785 4049 ub
808 4006 929 4049 eoruru
953 3981 1125 4049 uu'ru'sttis·

46 4114 183 4195 preater·
193 4100 314 4195 justos
333 4098 495 4171 redditus
514 4101 677 4198 episcopi
693 4101 729 4167 ui
745 4098 801 4167 uel
814 4101 921 4168 ruinis
933 4096 1026 4167 nibil
1039 4098 1127 4167 deur
