2768 5094
183 370 191 381 ’
269 401 330 463 21⁴
543 404 728 465 utsroun
750 404 1056 467 nccnffinsrtcx.
1246 411 1338 490 [roro]

317 522 498 598 Defuncto
507 522 705 600 Guillelmo
716 524 993 600 Ebroicensium
1004 528 1197 628 episcopo,
1213 528 1338 601 Baldni

269 667 338 712 nus
349 639 449 712 ducis
463 641 665 739 capellanus
679 643 860 728 successit,
875 658 912 715 et
929 643 1168 740 praesnlatum
1180 643 1263 718 fere
1275 671 1339 744 sep·

270 770 343 829 tem
356 757 459 828 annis
476 757 688 857 regulariter
705 758 812 829 rexit.
832 758 914 850 Quo
928 757 1103 833 defuncto
1121 759 1340 833 Gislebertus

269 873 421 948 Osberni
442 874 536 946 filius
553 876 748 948 canonicus
771 890 808 947 et
824 873 1096 948 archidiaconus
1116 878 1341 951 lexoviensis

269 991 451 1081 successit,
467 1007 503 1063 et
517 991 762 1090 episcopatum
776 991 977 1090 plusquam
994 1016 1072 1063 xxx
1084 993 1198 1065 annis
1212 993 1341 1065 utiliter

271 1109 407 1197 tenuit,
422 1124 459 1181 et
475 1136 531 1182 res
548 1110 705 1182 ecclesiae
722 1108 846 1181 multis
859 1108 975 1181 modis
991 1109 1110 1198 auxit,
1127 1109 1341 1212 solertiaque

270 1252 330 1298 sua
359 1225 573 1298 emendavit.
602 1228 712 1300 lvone
738 1253 826 1300 vero
850 1227 1073 1326 sagiensium
1096 1228 1263 1326 praesule
1284 1229 1340 1301 tle·

267 1339 416 1430 functo,
434 1339 638 1415 Rodbertns
655 1341 809 1416 Huberti
827 1341 871 1415 dc
888 1343 952 1414 nia
967 1342 1062 1414 filius
1075 1344 1275 1432 successit,
1286 1344 1339 1443 qui

268 1455 345 1530 fere
363 1482 416 1530 xu
431 1459 534 1531 annis
545 1459 750 1558 praesulatui
765 1458 932 1559 praefuit,
948 1474 984 1534 et
997 1461 1072 1559 ipse
1083 1461 1181 1534 circa
1196 1462 1265 1535 nei
1279 1460 1341 1535 cul-

272 1591 351 1647 tum
367 1576 508 1650 fervens
526 1577 712 1677 religiosos
734 1577 889 1649 multum
907 1577 1033 1651 dilexit
1051 1578 1067 1675 (
1092 1580 1122 1674 ).

313 1690 1340 1795 Vll.HistemporibusopitulantegratiaDeipaxinhnglir

257 1807 461 1908 -regnabat,
482 1826 519 1882 et
535 1811 704 1882 securitas
720 1810 902 1911 aliquanta
919 1809 1049 1909 procul
1066 1809 1225 1909 repulsis
1243 1809 1342 1884 latro

270 1925 379 1998 nibus
392 1924 611 1999 habitatores
628 1943 735 2001 terrae
750 1926 948 2001 refovebat.
964 1927 1130 2001 Civiliter
1142 1927 1257 2027 Angli
1270 1955 1340 2001 cum

271 2034 491 2117 Normannis
505 2042 761 2118 cohabitabant
775 2045 811 2115 in
828 2043 969 2142 burgis,
984 2045 1109 2116 castris
1121 2059 1160 2117 et
1172 2043 1341 2129 urbibus,

272 2159 575 2235 connubiisalteri
590 2162 721 2235 alteros
733 2178 863 2234 mutuo
875 2159 943 2233 sibi
956 2164 1237 2263 conjungentes.
1247 2161 1343 2236 Vioos

277 2477 370 2547 1032),
386 2479 429 2532 lut
442 2477 614 2552 amheveque
629 2477 664 2532 de
675 2477 775 2532 Rouen
789 2480 869 2550 apres
881 2480 950 2534 Jeau
962 2477 1169 2545 d’xmneher,
1181 2497 1220 2535 en
1238 2497 1313 2555 sopp
1327 2477 1346 2532 ll

274 2555 349 2621 &tait¹
361 2585 396 2622 en
415 2565 478 2620 ellet
496 2566 593 2619 cousin
612 2565 648 2620 de
665 2565 772 2621 Gir-ard
786 2565 884 2621 Fleitel
902 2566 1112 2639 (Flagitellus),
1131 2568 1201 2640 pere
1218 2566 1257 2624 de
1269 2566 1345 2624 Guil-

273 2656 366 2712 laume
380 2657 421 2724 1⁶,
438 2656 542 2729 eveque
558 2644 696 2710 d'llvreux
711 2655 903 2728 (ιοάᾶιοδθ).
918 2656 993 2711 C’est
1006 2655 1042 2711 de
1055 2676 1087 2711 ce
1103 2674 1284 2731 permnnge
1299 2676 1346 2732 que

274 2745 315 2802 tes
327 2763 488 2801 communes
501 2745 537 2799 de
546 2745 736 2800 saint-Pierre
746 2756 774 2800 et
786 2744 821 2800 de
832 2744 1299 2803 saint-nenirdu-noscneemd
1308 2766 1347 2820 pa·

276 2840 394 2894 raissent
410 2837 487 2893 avoir
500 2837 557 2910 pris
575 2835 636 2891 leur
649 2855 725 2891 nom.
741 2835 764 2890 ll
777 2835 869 2891 donna
886 2835 911 2891 la
931 2835 1081 2892 recondet
1099 2837 1347 2893 saint-Wandnlle

276 2947 327 3003 par
340 2946 396 2981 une
412 2926 508 2981 charte
526 2937 641 3000 portant
659 2924 685 2981 la
697 2926 884 2998 souscription
897 2925 933 2980 de
947 2925 1348 3002 Guillaumele-Conque'nat

276 3026 305 3072 et
322 3016 357 3070 de
369 3014 531 3070 Guillaume
549 3014 695 3089 d’Arques.
711 3015 791 3069 Cette
805 3016 993 3070 circonstauoe
1010 3032 1115 3088 proure
1133 3014 1205 3089 qu’il
1222 3021 1347 3071 sunem

194 3102 197 3106 ’
276 3124 349 3162 assez
363 3106 536 3178 long-temps
548 3123 601 3159 aux
614 3104 682 3160 dues
701 3104 826 3160 Richarxl
843 3106 871 3159 ll
892 3116 921 3161 et
934 3104 1060 3160 llichard
1080 3103 1133 3159 111.
1145 3104 1220 3160 -ll
1237 3124 1276 3162 ne
1295 3106 1348 3162 saut

277 3214 325 3271 pas
340 3194 460 3269 prendre
475 3197 491 3248 'a
504 3193 529 3248 la
542 3193 624 3248 lettre
639 3193 677 3248 les
686 3195 857 3267 expressions
869 3193 905 3250 de
917 3205 998 3249 notre
1007 3204 1118 3261 auteur,
1131 3194 1183 3269 qui
1193 3192 1347 3252 munient

277 3287 293 3338 h
303 3286 374 3340 faire
382 3285 473 3338 croire
488 3301 542 3357 que
556 3280 679 3354 l'abbaye
690 3282 725 3338 de
735 3271 942 3339 Saint-Euenne
951 3284 1041 3338 aurait
1050 3285 1095 3339 ete'
1104 3281 1200 3359 plaoe'e
1209 3282 1281 3340 dana
1292 3284 1347 3339 l’in·

279 3376 385 3431 terieur
398 3374 438 3428 du
451 3373 567 3428 clrlteau
579 3372 614 3428 de
627 3374 711 3430 Caen.

315 3468 356 3538 (ι)
375 3465 422 3522 On
436 3482 520 3538 pense
532 3464 660 3538 qu'entre
672 3463 834 3520 Gnillaume
846 3462 945 3519 lleitel
956 3473 986 3518 et
999 3461 1159 3531 baudouin,
1171 3463 1194 3519 il
1202 3482 1220 3519 a
1230 3480 1270 3539 pu
1283 3464 1347 3519 etit*

279 3566 323 3611 ter
343 3574 382 3610 un
402 3565 482 3611 autre
499 3555 603 3627 eaeque
619 3557 731 3608 nomme
748 3552 860 3609 llichel.
879 3554 919 3610 Ce
935 3553 1004 3628 qu'il
1020 3572 1038 3627 y
1054 3573 1070 3609 a
1088 3552 1125 3608 de
1142 3554 1270 3623 certain,
1285 3554 1348 3610 e’est

278 3662 334 3720 que
347 3643 491 3698 Raudouiu
504 3645 572 3697 e'tait
585 3641 688 3715 everpre
697 3630 834 3697 d'llvretrx
846 3653 926 3697 avant
938 3643 963 3699 le
979 3643 1010 3699 18
1019 3644 1084 3716 juin
1097 3640 1182 3710 1066,
1197 3642 1348 3720 kpoquede

278 3735 305 3791 la
318 3734 448 3790 dedicace
457 3733 492 3788 de
506 3733 531 3787 la
542 3733 763 3787 Salute-Trione
773 3733 808 3788 de
821 3734 910 3798 Caeu,
924 3735 961 3787 ou
973 3732 992 3788 il
1002 3733 1091 3805 figura
1101 3752 1137 3787 eu
1148 3743 1224 3789 cette
1234 3732 1346 3809 qualite.

279 3826 351 3880 blais
365 3834 445 3878 notre
455 3833 555 3877 auteur
566 3840 595 3875 se
605 3832 713 3894 trompe
726 3839 774 3875 sur
784 3821 809 3877 le
820 3822 936 3877 nombre
949 3822 1037 3877 deses
1048 3825 1150 3877 anneot
1163 3820 1345 3897 d'episooprt.

279 3912 411 3987 puisqu'il
426 3920 540 3964 mourut
552 3928 587 3963 en
602 3927 675 3984 ¹07⁰·
692 3910 849 3977 Gislebert,
869 3929 919 3964 son
930 3929 1098 3979 successeur,
1112 3928 1220 3985 occupo
1230 3930 1264 3968 oe
1276 3913 1346 3983 eie'ge

279 4009 486 4073 mute-quatre
498 4016 560 4064 ans,
575 4016 683 4052 comme
697 4016 767 4053 nous
780 3998 805 4053 le
820 4017 933 4053 verrens
946 3997 1008 4072 plus
1019 3998 1093 4054 ord.
1108 3999 1170 4055 lves
1179 3998 1219 4055 de
1232 3998 1346 4055 nette-r

280 4100 396 4145 mourut
409 4088 481 4143 aussi
493 4105 528 4142 eu
543 4105 621 4159 1070,
636 4098 664 4141 et
679 4087 784 4144 Robert
797 4088 832 4143 de
847 4088 899 4143 llie
911 4108 970 4145 vers
986 4087 1066 4157 1082,
1080 4088 1345 4145 eoulormhutu

280 4181 350 4235 re'cit
362 4177 398 4233 de
411 4186 491 4232 notre
503 4185 610 4231 auteur.
