2768 5094
281 405 342 464 ato
561 399 745 461 HISTORIA
766 397 1073 461 ecctmlas'rtca.
1258 401 1344 480 [ton]

282 523 455 596 Dominae
464 536 598 594 nostroe
609 517 1034 618 construxit(1),nosill
1090 511 1147 592 od
1156 518 1345 618 Deism

283 640 400 712 latum
415 639 649 739 aggregavit,
667 664 715 711 oe
728 652 767 709 nt
776 635 1001 739 poterfilios
1017 641 1056 709 in
1068 639 1199 710 emm
1211 637 1289 710 Da·
1297 664 1345 712 ma

282 757 461 832 ducavit.
476 757 522 829 In
538 755 693 830 ecclesia
705 780 820 856 quam
832 755 1009 846 condidit,
1025 754 1145 828 meum
1162 754 1347 856 sepultum

282 875 366 967 sibi,
377 876 658 965 memormortis,
671 874 793 972 elegit.
803 874 961 946 AEtemo
970 874 1288 976 moncpuniatnr,
1300 881 1347 974 qu

282 1017 388 1065 soma
398 991 521 1093 patus
539 991 654 1063 nostri
659 988 816 1087 filiabus
832 991 910 1063 suis
926 987 1070 1088 oufens
1084 993 1270 1064 conatur!

331 1108 572 1208 Rotomagum
588 1106 700 1207 igitur
712 1106 760 1180 ad
771 1106 908 1179 curiam
922 1106 1014 1206 regis
1028 1105 1119 1194 itur,
1133 1120 1173 1180 et
1184 1102 1234 1177 ab
1252 1107 1347 1176 utris

282 1249 353 1325 que
365 1223 530 1324 partibus
542 1225 770 1326 querimonia
782 1224 1032 1326 depromitur3
1050 1223 1112 1299 sed
1125 1223 1259 1324 regalis
1272 1248 1348 1299 om·

285 1366 365 1412 sura
391 1339 568 1440 fragiliori
592 1342 704 1442 magis
725 1342 824 1415 sexui
847 1341 1082 1441 compatitur.
1107 1341 1279 1443 Denique
1297 1366 1349 1413 m

283 1457 456 1531 accersito
471 1456 627 1532 lohanui
647 1457 917 1558 archiepiscopo
936 1457 1166 1533 commendat
1182 1474 1226 1531 nt
1244 1459 1351 1532 tm

285 1575 386 1647 vium
400 1575 565 1650 celeriter
576 1591 646 1665 eat,
663 1593 700 1650 et
712 1575 869 1677 episcopi
884 1601 1015 1675 corpus
1029 1578 1067 1649 iu
1081 1575 1253 1651 oratorio
1263 1601 1351 1647 sano

286 1707 334 1764 tae
348 1693 472 1765 Marito
486 1693 541 1790 (a)
557 1691 727 1766 decenter
744 1692 903 1792 sepeliat.
927 1695 977 1766 At
999 1690 1080 1781 ille,
1099 1692 1185 1794 quia
1202 1690 1308 1768 ferox
1322 1707 1352 1764 et

286 1801 451 1910 turgidus
465 1824 541 1883 erat
550 1863 561 1898 ,
578 1827 615 1883 et
628 1810 782 1883 noxium
798 1835 990 1883 rancorem
1002 1808 1219 1907 jamdudum
1232 1822 1352 1883 contra

284 1927 478 2028 praelatum
494 1929 686 2028 praesulem
699 1928 823 2001 animo
835 1940 1007 2028 gesserat,
1023 1926 1117 2027 regis
1132 1939 1353 2027 praeoeptum

286 2042 506 2118 furibundus
534 2045 775 2145 contempsit,
797 2070 866 2118 nec
890 2044 934 2116 ad
957 2041 1214 2118 tumulandum
1236 2043 1354 2142 eoepi-

284 2179 436 2255 scopum
455 2182 560 2230 suum
580 2157 633 2230 ire
648 2155 777 2229 voluit.
798 2155 973 2250 Quidum
992 2153 1037 2229 de
1059 2154 1158 2227 curia
1179 2154 1278 2256 regis
1298 2178 1356 2255 pu

286 2269 417 2345 urbem
427 2298 535 2372 super
547 2271 683 2344 mulam
696 2299 797 2345 stum
814 2271 968 2360 rediret,
983 2269 1194 2372 tumideque
1207 2270 1356 2372 loquens

285 2388 330 2462 de
353 2389 465 2461 musis
486 2389 780 2476 imminentibus,
796 2388 922 2463 domui
939 2414 1013 2463 suae
1029 2388 1355 2490 appropinquaret,

287 2502 413 2577 divino
427 2519 521 2576 nutu
534 2502 650 2577 subita
664 2506 782 2604 passio
796 2505 898 2579 illum
911 2507 1107 2606 percussit,
1123 2504 1231 2580 turba
1244 2505 1358 2607 palam

288 2635 471 2720 spectante
488 2620 532 2692 ad
550 2636 684 2695 terram
699 2621 848 2723 dejecit,
865 2621 1089 2729 biennioque
1104 2650 1181 2726 quo
1196 2640 1358 2726 postmo

287 2734 376 2807 dum
385 2734 490 2824 vixit,
505 2734 686 2838 elinguem
698 2734 867 2812 reddidit.
880 2741 986 2813 Tunc
995 2738 1219 2814 Gislebcrtus
1231 2736 1359 2815 Ebroi·

287 2851 402 2926 oensis
413 2851 693 2953 episcopuscum
705 2854 824 2930 multo
834 2854 994 2931 fidelium
1002 2857 1146 2958 agmine
1156 2857 1359 2932 Luxovium

286 2965 406 3056 vadit,
434 2983 471 3042 et
495 2995 626 3069 corpus
649 2971 828 3072 episcopi,
852 2986 990 3047 astante
1013 2969 1178 3049 lieberto
1202 2971 1360 3049 ducensi

287 3085 438 3174 comite,
458 3086 520 3185 qui
545 3113 739 3186 germanus
757 3075 832 3188 ejus
849 3105 946 3182 erat,
969 3091 1008 3164 iu
1030 3089 1144 3165 choro
1164 3091 1361 3166 sanctimo-

286 3199 437 3275 nialium
454 3205 714 3278 convenienter
730 3206 907 3305 sepelivit.
923 3207 1107 3282 Mausoleo
1122 3206 1213 3282 tanti
1232 3209 1360 3309 ponti-

288 3313 365 3389 ficis
402 3343 585 3420 congruus
617 3318 708 3419 lapis
737 3321 921 3421 appositus
955 3337 1032 3412 est,
1066 3340 1102 3398 et
1135 3320 1358 3425 epitaphium

287 3430 453 3510 Adouico
475 3451 616 3526 metro,
639 3437 737 3540 quod
762 3437 909 3540 dactylo
931 3439 1176 3543 spondeoque
1197 3456 1354 3528 constat,

321 3729 361 3797 (ι)
380 3730 429 3782 laes
452 3727 612 3802 religieuscs
633 3747 688 3803 que
708 3729 847 3785 lescelina
866 3731 939 3784 avait
957 3728 1071 3784 dabord
1091 3727 1206 3784 etahlies
1228 3731 1244 3784 t
1263 3728 1356 3784 Saint-

286 3815 531 3872 piem-sur-une
544 3828 626 3890 ayant
637 3820 682 3873 ete
694 3817 862 3891 remplaoees
871 3837 922 3893 par
935 3818 984 3875 des
996 3820 1118 3887 moines,
1128 3818 1225 3874 iuoeut
1237 3818 1355 3874 musio·

286 3903 346 3955 re'es
361 3905 376 3955 i
390 3902 565 3959 saint-Desit
576 3904 612 3959 ‹le
626 3905 748 3973 Lisieux,
762 3917 791 3962 et
806 3906 868 3962 leur
880 3906 1006 3962 nouvelle
1019 3906 1105 3980 eglise
1116 3905 1241 3962 dedieet
1254 3906 1355 3962 Notae·

286 3991 373 4045 Damc
398 4011 506 4049 comme
533 3994 694 4050 l‘ancieuue.
720 3996 813 4069 Voyez
838 3997 863 4052 lu
891 3998 988 4052 charte
1011 3995 1047 4051 de
1073 3995 1218 4053 fondation
1241 3997 1358 4067 (Gallio

288 4081 441 4137 christiana
449 4126 456 4150 ,
470 4087 596 4138 instrum.
609 4086 704 4140 eccles.
719 4087 835 4154 Leton,
853 4087 905 4143 ool.
920 4084 997 4159 203).

321 4175 361 4240 (a)
382 4170 495 4246 L'e'glise
510 4171 558 4227 dos
571 4171 745 4247 religienum,
761 4176 939 4249 aujourd’laui
951 4176 1135 4234 Sciat-Deir.
