<?xml version="1.0" encoding="UTF-8"?>
<!DOCTYPE html PUBLIC "-//W3C//DTD XHTML 1.0 Transitional//EN"
    "http://www.w3.org/TR/xhtml1/DTD/xhtml1-transitional.dtd">
<html xmlns="http://www.w3.org/1999/xhtml" xml:lang="en" lang="en">
 <head>
  <title>
</title>
<meta http-equiv="Content-Type" content="text/html;charset=utf-8" />
  <meta name='ocr-system' content='tesseract 3.04.00' />
  <meta name='ocr-capabilities' content='ocr_page ocr_carea ocr_par ocr_line ocrx_word'/>
</head>
<body>
  <div class='ocr_page' id='page_1' title='image "./ordericivitalis06deligoog_0445.png"; bbox 0 0 2768 5094; ppageno 0'>
   <div class='ocr_carea' id='block_1_1' title="bbox 240 314 1089 447">
    <p class='ocr_par' dir='ltr' id='par_1_1' title="bbox 240 314 1089 447">
     <span class='ocr_line' id='line_1_1' title="bbox 240 314 1089 447; baseline -0.004 -18"><span class='ocrx_word' id='word_1_1' title='bbox 240 438 247 447; x_wconf 50' lang='grc'><strong>,</strong></span> <span class='ocrx_word' id='word_1_2' title='bbox 296 367 357 429; x_wconf 78' lang='lat' dir='ltr'><strong>llo</strong></span> <span class='ocrx_word' id='word_1_3' title='bbox 572 314 759 426; x_wconf 74' lang='lat' dir='ltr'><strong>lttstolttl</strong></span> <span class='ocrx_word' id='word_1_4' title='bbox 781 364 1089 427; x_wconf 73' lang='lat' dir='ltr'><strong>ecetestssttcs.</strong></span> 
     </span>
    </p>
   </div>
   <div class='ocr_carea' id='block_1_2' title="bbox 294 488 1383 2575">
    <p class='ocr_par' dir='ltr' id='par_1_2' title="bbox 295 488 1343 592">
     <span class='ocr_line' id='line_1_2' title="bbox 295 488 1343 592; baseline 0.003 -30"><span class='ocrx_word' id='word_1_5' title='bbox 295 488 506 590; x_wconf 79' lang='lat' dir='ltr'><strong>benigniter</strong></span> <span class='ocrx_word' id='word_1_6' title='bbox 539 488 680 561; x_wconf 85' lang='lat' dir='ltr'><strong>annuit.</strong></span> <span class='ocrx_word' id='word_1_7' title='bbox 715 488 816 560; x_wconf 79' lang='lat' dir='ltr'><strong>Hartc</strong></span> <span class='ocrx_word' id='word_1_8' title='bbox 849 488 970 588; x_wconf 88' lang='lat' dir='ltr'><strong>itaque</strong></span> <span class='ocrx_word' id='word_1_9' title='bbox 1001 490 1273 564; x_wconf 83' lang='lat' dir='ltr'><strong>concessionem</strong></span> <span class='ocrx_word' id='word_1_10' title='bbox 1303 520 1343 592; x_wconf 81' lang='lat' dir='ltr'><strong>pe</strong></span> 
     </span>
    </p>

    <p class='ocr_par' dir='ltr' id='par_1_3' title="bbox 295 602 1346 706">
     <span class='ocr_line' id='line_1_3' title="bbox 295 602 1346 706; baseline 0.002 -29"><span class='ocrx_word' id='word_1_11' title='bbox 295 617 436 677; x_wconf 86' lang='lat' dir='ltr'><strong>textum</strong></span> <span class='ocrx_word' id='word_1_12' title='bbox 455 602 735 703; x_wconf 72' lang='lat' dir='ltr'><strong>Evangeliorum</strong></span> <span class='ocrx_word' id='word_1_13' title='bbox 753 630 862 703; x_wconf 89' lang='lat' dir='ltr'><strong>super</strong></span> <span class='ocrx_word' id='word_1_14' title='bbox 880 603 991 677; x_wconf 85' lang='lat' dir='ltr'><strong>altare</strong></span> <span class='ocrx_word' id='word_1_15' title='bbox 1008 606 1193 704; x_wconf 75' lang='lat' dir='ltr'><strong>portavit,</strong></span> <span class='ocrx_word' id='word_1_16' title='bbox 1214 632 1255 678; x_wconf 79' lang='lat' dir='ltr'><strong>sc</strong></span> <span class='ocrx_word' id='word_1_17' title='bbox 1272 628 1346 706; x_wconf 82' lang='lat' dir='ltr'><strong>post-</strong></span> 
     </span>
    </p>

    <p class='ocr_par' dir='ltr' id='par_1_4' title="bbox 294 720 1383 940">
     <span class='ocr_line' id='line_1_4' title="bbox 294 720 1383 824; baseline 0.003 -30"><span class='ocrx_word' id='word_1_18' title='bbox 294 720 445 795; x_wconf 92' lang='lat' dir='ltr'><strong>modum</strong></span> <span class='ocrx_word' id='word_1_19' title='bbox 463 747 507 795; x_wconf 87' lang='lat' dir='ltr'><strong>ex</strong></span> <span class='ocrx_word' id='word_1_20' title='bbox 524 721 671 794; x_wconf 86' lang='lat' dir='ltr'><strong>caritate</strong></span> <span class='ocrx_word' id='word_1_21' title='bbox 689 720 954 794; x_wconf 88' lang='lat' dir='ltr'><strong>monachorum</strong></span> <span class='ocrx_word' id='word_1_22' title='bbox 970 723 1136 824; x_wconf 89' lang='lat' dir='ltr'><strong>quinque</strong></span> <span class='ocrx_word' id='word_1_23' title='bbox 1152 749 1292 799; x_wconf 79' lang='lat' dir='ltr'><strong>marcos</strong></span> <span class='ocrx_word' id='word_1_24' title='bbox 1305 754 1348 797; x_wconf 79' lang='lat' dir='ltr'><strong>ar·</strong></span> <span class='ocrx_word' id='word_1_25' title='bbox 1374 768 1383 777; x_wconf 56' lang='lat'><em>=</em></span> 
     </span>
     <span class='ocr_line' id='line_1_5' title="bbox 295 837 1351 940; baseline 0.003 -29"><span class='ocrx_word' id='word_1_26' title='bbox 295 838 394 940; x_wconf 88' lang='lat' dir='ltr'><strong>genti</strong></span> <span class='ocrx_word' id='word_1_27' title='bbox 415 853 451 911; x_wconf 88' lang='lat' dir='ltr'><strong>et</strong></span> <span class='ocrx_word' id='word_1_28' title='bbox 468 838 646 937; x_wconf 91' lang='lat' dir='ltr'><strong>optimum</strong></span> <span class='ocrx_word' id='word_1_29' title='bbox 670 837 903 937; x_wconf 82' lang='lat' dir='ltr'><strong>cornipedem</strong></span> <span class='ocrx_word' id='word_1_30' title='bbox 920 840 1070 937; x_wconf 88' lang='lat' dir='ltr'><strong>recepit.</strong></span> <span class='ocrx_word' id='word_1_31' title='bbox 1091 837 1237 915; x_wconf 80' lang='lat' dir='ltr'>Deinde</span> <span class='ocrx_word' id='word_1_32' title='bbox 1260 857 1351 940; x_wconf 80' lang='lat' dir='ltr'><strong>pster-</strong></span> 
     </span>
    </p>

    <p class='ocr_par' dir='ltr' id='par_1_5' title="bbox 295 954 1352 1055">
     <span class='ocr_line' id='line_1_6' title="bbox 295 954 1352 1055; baseline 0.003 -26"><span class='ocrx_word' id='word_1_33' title='bbox 295 983 386 1029; x_wconf 93' lang='lat' dir='ltr'><strong>num</strong></span> <span class='ocrx_word' id='word_1_34' title='bbox 403 954 478 1029; x_wconf 89' lang='lat' dir='ltr'><strong>sere</strong></span> <span class='ocrx_word' id='word_1_35' title='bbox 496 981 547 1028; x_wconf 87' lang='lat' dir='ltr'><strong>xv</strong></span> <span class='ocrx_word' id='word_1_36' title='bbox 564 957 668 1027; x_wconf 90' lang='lat' dir='ltr'><strong>annis</strong></span> <span class='ocrx_word' id='word_1_37' title='bbox 686 954 864 1029; x_wconf 90' lang='lat' dir='ltr'><strong>bonorem</strong></span> <span class='ocrx_word' id='word_1_38' title='bbox 882 956 1040 1055; x_wconf 82' lang='lat' dir='ltr'><strong>legitime</strong></span> <span class='ocrx_word' id='word_1_39' title='bbox 1057 957 1175 1049; x_wconf 83' lang='lat' dir='ltr'><strong>rexit,</strong></span> <span class='ocrx_word' id='word_1_40' title='bbox 1194 973 1234 1031; x_wconf 87' lang='lat' dir='ltr'><strong>et</strong></span> <span class='ocrx_word' id='word_1_41' title='bbox 1248 976 1352 1033; x_wconf 81' lang='lat' dir='ltr'><strong>coum</strong></span> 
     </span>
    </p>

    <p class='ocr_par' dir='ltr' id='par_1_6' title="bbox 295 1062 1383 1408">
     <span class='ocr_line' id='line_1_7' title="bbox 296 1071 1352 1175; baseline 0.003 -29"><span class='ocrx_word' id='word_1_42' title='bbox 296 1072 472 1146; x_wconf 88' lang='lat' dir='ltr'><strong>finitimos</strong></span> <span class='ocrx_word' id='word_1_43' title='bbox 480 1071 597 1147; x_wconf 90' lang='lat' dir='ltr'><strong>hostes</strong></span> <span class='ocrx_word' id='word_1_44' title='bbox 606 1073 706 1173; x_wconf 88' lang='lat' dir='ltr'><strong>(quia</strong></span> <span class='ocrx_word' id='word_1_45' title='bbox 717 1072 947 1162; x_wconf 84' lang='lat' dir='ltr'><strong>fortissimus,</strong></span> <span class='ocrx_word' id='word_1_46' title='bbox 957 1073 1041 1147; x_wconf 91' lang='lat' dir='ltr'><strong>licet</strong></span> <span class='ocrx_word' id='word_1_47' title='bbox 1051 1071 1175 1162; x_wconf 80' lang='lat' dir='ltr'><strong>hebes,</strong></span> <span class='ocrx_word' id='word_1_48' title='bbox 1188 1075 1352 1175; x_wconf 66' lang='lat' dir='ltr'><strong>proeliator</strong></span> 
     </span>
     <span class='ocr_line' id='line_1_8' title="bbox 295 1186 1376 1290; baseline 0 -29"><span class='ocrx_word' id='word_1_49' title='bbox 295 1189 393 1286; x_wconf 84' lang='lat' dir='ltr'><strong>erat)</strong></span> <span class='ocrx_word' id='word_1_50' title='bbox 413 1186 626 1261; x_wconf 86' lang='lat' dir='ltr'><strong>validissime</strong></span> <span class='ocrx_word' id='word_1_51' title='bbox 643 1187 857 1275; x_wconf 77' lang='lat' dir='ltr'><strong>defensavit3</strong></span> <span class='ocrx_word' id='word_1_52' title='bbox 873 1189 1100 1290; x_wconf 86' lang='lat' dir='ltr'><strong>vetitumque</strong></span> <span class='ocrx_word' id='word_1_53' title='bbox 1114 1192 1214 1290; x_wconf 86' lang='lat' dir='ltr'><strong>regis</strong></span> <span class='ocrx_word' id='word_1_54' title='bbox 1228 1192 1351 1265; x_wconf 76' lang='lat' dir='ltr'><strong>Uerrii</strong></span> <span class='ocrx_word' id='word_1_55' title='bbox 1372 1194 1376 1253; x_wconf 82' lang='grc' dir='ltr'>Ξ</span> 
     </span>
     <span class='ocr_line' id='line_1_9' title="bbox 297 1304 1351 1408; baseline 0.003 -31"><span class='ocrx_word' id='word_1_56' title='bbox 297 1304 585 1406; x_wconf 86' lang='lat' dir='ltr'><strong>transgrediens,</strong></span> <span class='ocrx_word' id='word_1_57' title='bbox 602 1306 902 1406; x_wconf 88' lang='lat' dir='ltr'><strong>Engerrannum,</strong></span> <span class='ocrx_word' id='word_1_58' title='bbox 924 1323 1170 1408; x_wconf 88' lang='lat' dir='ltr'><strong>cognomento</strong></span> <span class='ocrx_word' id='word_1_59' title='bbox 1184 1308 1351 1388; x_wconf 79' lang='lat' dir='ltr'><strong>oisonem,</strong></span> 
     </span>
    </p>

    <p class='ocr_par' dir='ltr' id='par_1_7' title="bbox 295 1420 1351 1523">
     <span class='ocr_line' id='line_1_10' title="bbox 295 1420 1351 1523; baseline 0.001 -30"><span class='ocrx_word' id='word_1_60' title='bbox 295 1424 405 1494; x_wconf 86' lang='lat' dir='ltr'><strong>armis</strong></span> <span class='ocrx_word' id='word_1_61' title='bbox 433 1424 614 1523; x_wconf 89' lang='lat' dir='ltr'><strong>impetiit,</strong></span> <span class='ocrx_word' id='word_1_62' title='bbox 646 1438 684 1496; x_wconf 89' lang='lat' dir='ltr'><strong>et</strong></span> <span class='ocrx_word' id='word_1_63' title='bbox 708 1438 835 1496; x_wconf 90' lang='lat' dir='ltr'><strong>contra</strong></span> <span class='ocrx_word' id='word_1_64' title='bbox 867 1423 972 1510; x_wconf 90' lang='lat' dir='ltr'><strong>illum</strong></span> <span class='ocrx_word' id='word_1_65' title='bbox 1001 1423 1225 1497; x_wconf 86' lang='lat' dir='ltr'><strong>militaribus</strong></span> <span class='ocrx_word' id='word_1_66' title='bbox 1247 1420 1351 1497; x_wconf 78' lang='lat' dir='ltr'><strong>st‘udiis</strong></span> 
     </span>
    </p>

    <p class='ocr_par' dir='ltr' id='par_1_8' title="bbox 296 1539 1351 1643">
     <span class='ocr_line' id='line_1_11' title="bbox 296 1539 1351 1643; baseline 0.002 -31"><span class='ocrx_word' id='word_1_67' title='bbox 296 1541 426 1639; x_wconf 63' lang='lat' dir='ltr'><strong>saepius</strong></span> <span class='ocrx_word' id='word_1_68' title='bbox 447 1539 641 1612; x_wconf 85' lang='lat' dir='ltr'><strong>dimicavit.</strong></span> <span class='ocrx_word' id='word_1_69' title='bbox 668 1540 774 1615; x_wconf 86' lang='lat' dir='ltr'><strong>Unde</strong></span> <span class='ocrx_word' id='word_1_70' title='bbox 793 1541 886 1643; x_wconf 85' lang='lat' dir='ltr'><strong>regis</strong></span> <span class='ocrx_word' id='word_1_71' title='bbox 914 1542 1145 1631; x_wconf 84' lang='lat' dir='ltr'><strong>animositas,</strong></span> <span class='ocrx_word' id='word_1_72' title='bbox 1169 1540 1351 1617; x_wconf 82' lang='lat' dir='ltr'><strong>delstomu</strong></span> 
     </span>
    </p>

    <p class='ocr_par' dir='ltr' id='par_1_9' title="bbox 295 1656 1379 1875">
     <span class='ocr_line' id='line_1_12' title="bbox 296 1656 1379 1747; baseline 0.006 -19"><span class='ocrx_word' id='word_1_73' title='bbox 296 1656 478 1730; x_wconf 77' lang='lat' dir='ltr'><strong>maledicis</strong></span> <span class='ocrx_word' id='word_1_74' title='bbox 491 1657 782 1732; x_wconf 80' lang='lat' dir='ltr'><strong>accusationibus</strong></span> <span class='ocrx_word' id='word_1_75' title='bbox 796 1659 1030 1747; x_wconf 86' lang='lat' dir='ltr'><strong>inflammata,</strong></span> <span class='ocrx_word' id='word_1_76' title='bbox 1045 1659 1150 1733; x_wconf 89' lang='lat' dir='ltr'><strong>illum</strong></span> <span class='ocrx_word' id='word_1_77' title='bbox 1164 1659 1352 1735; x_wconf 73' lang='lat' dir='ltr'><strong>exbaetrds·</strong></span> <span class='ocrx_word' id='word_1_78' title='bbox 1376 1700 1379 1741; x_wconf 92' lang='grc'>;</span> 
     </span>
     <span class='ocr_line' id='line_1_13' title="bbox 295 1772 1351 1875; baseline 0.003 -31"><span class='ocrx_word' id='word_1_79' title='bbox 295 1773 350 1844; x_wconf 79' lang='lat' dir='ltr'><strong>vit</strong></span> <span class='ocrx_word' id='word_1_80' title='bbox 362 1803 372 1858; x_wconf 72' lang='grc' dir='ltr'><strong><em>ς</em></strong></span> <span class='ocrx_word' id='word_1_81' title='bbox 398 1772 500 1847; x_wconf 90' lang='lat' dir='ltr'><strong>etde</strong></span> <span class='ocrx_word' id='word_1_82' title='bbox 524 1773 747 1847; x_wconf 87' lang='lat' dir='ltr'><strong>Normannia</strong></span> <span class='ocrx_word' id='word_1_83' title='bbox 771 1800 853 1846; x_wconf 93' lang='lat' dir='ltr'><strong>cum</strong></span> <span class='ocrx_word' id='word_1_84' title='bbox 872 1776 1012 1875; x_wconf 79' lang='lat' dir='ltr'><strong>Agnete</strong></span> <span class='ocrx_word' id='word_1_85' title='bbox 1034 1773 1107 1848; x_wconf 89' lang='lat' dir='ltr'><strong>filia</strong></span> <span class='ocrx_word' id='word_1_86' title='bbox 1127 1774 1351 1850; x_wconf 82' lang='lat' dir='ltr'><strong>Rodbertide</strong></span> 
     </span>
    </p>

    <p class='ocr_par' dir='ltr' id='par_1_10' title="bbox 295 1891 1351 1992">
     <span class='ocr_line' id='line_1_14' title="bbox 295 1891 1351 1992; baseline -0.003 -26"><span class='ocrx_word' id='word_1_87' title='bbox 295 1891 637 1978; x_wconf 88' lang='lat' dir='ltr'><strong>Grentemaisnilio,</strong></span> <span class='ocrx_word' id='word_1_88' title='bbox 666 1919 776 1991; x_wconf 88' lang='lat' dir='ltr'><strong>quam</strong></span> <span class='ocrx_word' id='word_1_89' title='bbox 803 1918 920 1992; x_wconf 80' lang='lat' dir='ltr'><strong>nuper</strong></span> <span class='ocrx_word' id='word_1_90' title='bbox 945 1918 1098 1967; x_wconf 85' lang='lat' dir='ltr'><strong>uxorem</strong></span> <span class='ocrx_word' id='word_1_91' title='bbox 1125 1892 1298 1980; x_wconf 81' lang='lat' dir='ltr'><strong>duxerat,</strong></span> <span class='ocrx_word' id='word_1_92' title='bbox 1325 1895 1351 1963; x_wconf 85' lang='lat' dir='ltr'><strong>in</strong></span> 
     </span>
    </p>

    <p class='ocr_par' dir='ltr' id='par_1_11' title="bbox 297 2008 1352 2111">
     <span class='ocr_line' id='line_1_15' title="bbox 297 2008 1352 2111; baseline 0.004 -31"><span class='ocrx_word' id='word_1_93' title='bbox 297 2008 465 2109; x_wconf 79' lang='lat' dir='ltr'><strong>Apuliam</strong></span> <span class='ocrx_word' id='word_1_94' title='bbox 482 2010 639 2111; x_wconf 87' lang='lat' dir='ltr'><strong>expulit,</strong></span> <span class='ocrx_word' id='word_1_95' title='bbox 663 2008 725 2082; x_wconf 90' lang='lat' dir='ltr'><strong>ubi</strong></span> <span class='ocrx_word' id='word_1_96' title='bbox 753 2027 835 2108; x_wconf 90' lang='lat' dir='ltr'><strong>post</strong></span> <span class='ocrx_word' id='word_1_97' title='bbox 851 2010 991 2111; x_wconf 90' lang='lat' dir='ltr'><strong>aliquot</strong></span> <span class='ocrx_word' id='word_1_98' title='bbox 1010 2037 1144 2099; x_wconf 89' lang='lat' dir='ltr'><strong>annos,</strong></span> <span class='ocrx_word' id='word_1_99' title='bbox 1165 2038 1233 2111; x_wconf 89' lang='lat' dir='ltr'><strong>per</strong></span> <span class='ocrx_word' id='word_1_100' title='bbox 1251 2027 1352 2086; x_wconf 84' lang='lat' dir='ltr'><strong>exten</strong></span> 
     </span>
    </p>

    <p class='ocr_par' dir='ltr' id='par_1_12' title="bbox 295 2127 1353 2228">
     <span class='ocr_line' id='line_1_16' title="bbox 295 2127 1353 2228; baseline -0.001 -30"><span class='ocrx_word' id='word_1_101' title='bbox 295 2128 471 2227; x_wconf 85' lang='lat' dir='ltr'><strong>mappalia</strong></span> <span class='ocrx_word' id='word_1_102' title='bbox 486 2143 710 2227; x_wconf 78' lang='lat' dir='ltr'><strong>pervagatus,</strong></span> <span class='ocrx_word' id='word_1_103' title='bbox 726 2129 836 2202; x_wconf 89' lang='lat' dir='ltr'><strong>morti</strong></span> <span class='ocrx_word' id='word_1_104' title='bbox 848 2128 1052 2200; x_wconf 78' lang='lat' dir='ltr'><strong>succubuit.</strong></span> <span class='ocrx_word' id='word_1_105' title='bbox 1063 2127 1353 2228; x_wconf 81' lang='lat' dir='ltr'><strong>Principisitaque</strong></span> 
     </span>
    </p>

    <p class='ocr_par' dir='ltr' id='par_1_13' title="bbox 295 2243 1355 2343">
     <span class='ocr_line' id='line_1_17' title="bbox 295 2243 1355 2343; baseline -0.002 -29"><span class='ocrx_word' id='word_1_106' title='bbox 295 2244 466 2317; x_wconf 83' lang='lat' dir='ltr'><strong>violentia</strong></span> <span class='ocrx_word' id='word_1_107' title='bbox 494 2246 621 2343; x_wconf 86' lang='lat' dir='ltr'><strong>majori</strong></span> <span class='ocrx_word' id='word_1_108' title='bbox 652 2243 765 2317; x_wconf 78' lang='lat' dir='ltr'><strong>fratre</strong></span> <span class='ocrx_word' id='word_1_109' title='bbox 792 2243 943 2343; x_wconf 87' lang='lat' dir='ltr'><strong>depulso</strong></span> <span class='ocrx_word' id='word_1_110' title='bbox 965 2243 1092 2317; x_wconf 88' lang='lat' dir='ltr'><strong>Simon</strong></span> <span class='ocrx_word' id='word_1_111' title='bbox 1116 2245 1307 2330; x_wconf 84' lang='lat' dir='ltr'><strong>successit,</strong></span> <span class='ocrx_word' id='word_1_112' title='bbox 1328 2260 1355 2316; x_wconf 89' lang='lat' dir='ltr'><strong>et</strong></span> 
     </span>
    </p>

    <p class='ocr_par' dir='ltr' id='par_1_14' title="bbox 294 2358 1354 2462">
     <span class='ocr_line' id='line_1_18' title="bbox 294 2358 1354 2462; baseline -0.003 -28"><span class='ocrx_word' id='word_1_113' title='bbox 294 2363 416 2435; x_wconf 91' lang='lat' dir='ltr'><strong>omnia</strong></span> <span class='ocrx_word' id='word_1_114' title='bbox 433 2389 516 2462; x_wconf 85' lang='lat' dir='ltr'><strong>quae</strong></span> <span class='ocrx_word' id='word_1_115' title='bbox 526 2378 766 2435; x_wconf 82' lang='lat' dir='ltr'><strong>antecessores</strong></span> <span class='ocrx_word' id='word_1_116' title='bbox 777 2362 831 2433; x_wconf 90' lang='lat' dir='ltr'><strong>sui</strong></span> <span class='ocrx_word' id='word_1_117' title='bbox 843 2360 1014 2435; x_wconf 84' lang='lat' dir='ltr'><strong>dederant</strong></span> <span class='ocrx_word' id='word_1_118' title='bbox 1026 2358 1272 2449; x_wconf 84' lang='lat' dir='ltr'><strong>Uticensibus,</strong></span> <span class='ocrx_word' id='word_1_119' title='bbox 1286 2386 1354 2432; x_wconf 90' lang='lat' dir='ltr'><strong>cum</strong></span> 
     </span>
    </p>

    <p class='ocr_par' dir='ltr' id='par_1_15' title="bbox 294 2475 1056 2575">
     <span class='ocr_line' id='line_1_19' title="bbox 294 2475 1056 2575; baseline 0.001 -29"><span class='ocrx_word' id='word_1_120' title='bbox 294 2475 445 2548; x_wconf 80' lang='lat' dir='ltr'><strong>Adeliua</strong></span> <span class='ocrx_word' id='word_1_121' title='bbox 463 2481 616 2575; x_wconf 80' lang='lat' dir='ltr'><strong>conjuge</strong></span> <span class='ocrx_word' id='word_1_122' title='bbox 633 2503 693 2548; x_wconf 88' lang='lat' dir='ltr'><strong>sua</strong></span> <span class='ocrx_word' id='word_1_123' title='bbox 712 2491 898 2575; x_wconf 80' lang='lat' dir='ltr'><strong>gratanter</strong></span> <span class='ocrx_word' id='word_1_124' title='bbox 913 2476 1056 2548; x_wconf 91' lang='lat' dir='ltr'><strong>annuit.</strong></span> 
     </span>
    </p>
   </div>
   <div class='ocr_carea' id='block_1_3' title="bbox 345 2593 1355 2696">
    <p class='ocr_par' dir='ltr' id='par_1_16' title="bbox 345 2593 1355 2696">
     <span class='ocr_line' id='line_1_20' title="bbox 345 2593 1355 2696; baseline 0.001 -32"><span class='ocrx_word' id='word_1_125' title='bbox 345 2594 519 2691; x_wconf 83' lang='lat' dir='ltr'><strong>Rogerius</strong></span> <span class='ocrx_word' id='word_1_126' title='bbox 535 2594 579 2667; x_wconf 94' lang='lat' dir='ltr'><strong>de</strong></span> <span class='ocrx_word' id='word_1_127' title='bbox 599 2593 957 2681; x_wconf 82' lang='lat' dir='ltr'><strong>Monte-Gomorici,</strong></span> <span class='ocrx_word' id='word_1_128' title='bbox 979 2611 1171 2696; x_wconf 85' lang='lat' dir='ltr'><strong>postquam</strong></span> <span class='ocrx_word' id='word_1_129' title='bbox 1187 2594 1355 2669; x_wconf 79' lang='lat' dir='ltr'><strong>Geroism</strong></span> 
     </span>
    </p>
   </div>
   <div class='ocr_carea' id='block_1_4' title="bbox 292 2707 1364 3982">
    <p class='ocr_par' dir='ltr' id='par_1_17' title="bbox 292 2707 1364 3982">
     <span class='ocr_line' id='line_1_21' title="bbox 292 2707 1356 2809; baseline -0.002 -28"><span class='ocrx_word' id='word_1_130' title='bbox 292 2709 482 2808; x_wconf 88' lang='lat' dir='ltr'><strong>progenies</strong></span> <span class='ocrx_word' id='word_1_131' title='bbox 510 2707 658 2796; x_wconf 90' lang='lat' dir='ltr'><strong>cecidit,</strong></span> <span class='ocrx_word' id='word_1_132' title='bbox 689 2724 808 2783; x_wconf 90' lang='lat' dir='ltr'><strong>totum</strong></span> <span class='ocrx_word' id='word_1_133' title='bbox 837 2711 1101 2809; x_wconf 89' lang='lat' dir='ltr'><strong>patrimonium</strong></span> <span class='ocrx_word' id='word_1_134' title='bbox 1130 2710 1303 2783; x_wconf 79' lang='lat' dir='ltr'><strong>Exmlloii</strong></span> <span class='ocrx_word' id='word_1_135' title='bbox 1330 2727 1356 2780; x_wconf 88' lang='lat' dir='ltr'><strong>rt</strong></span> 
     </span>
     <span class='ocr_line' id='line_1_22' title="bbox 292 2824 1355 2927; baseline 0.002 -31"><span class='ocrx_word' id='word_1_136' title='bbox 292 2824 539 2897; x_wconf 87' lang='lat' dir='ltr'><strong>Monasterioli</strong></span> <span class='ocrx_word' id='word_1_137' title='bbox 565 2824 640 2898; x_wconf 89' lang='lat' dir='ltr'><strong>fere</strong></span> <span class='ocrx_word' id='word_1_138' title='bbox 668 2849 755 2899; x_wconf 88' lang='lat' dir='ltr'><strong>xxvt</strong></span> <span class='ocrx_word' id='word_1_139' title='bbox 777 2825 880 2898; x_wconf 92' lang='lat' dir='ltr'><strong>anuis</strong></span> <span class='ocrx_word' id='word_1_140' title='bbox 902 2826 1084 2927; x_wconf 83' lang='lat' dir='ltr'><strong>possedit;</strong></span> <span class='ocrx_word' id='word_1_141' title='bbox 1112 2841 1149 2899; x_wconf 91' lang='lat' dir='ltr'><strong>et</strong></span> <span class='ocrx_word' id='word_1_142' title='bbox 1175 2828 1214 2899; x_wconf 91' lang='lat' dir='ltr'><strong>in</strong></span> <span class='ocrx_word' id='word_1_143' title='bbox 1237 2827 1355 2908; x_wconf 85' lang='lat' dir='ltr'><strong>initio,</strong></span> 
     </span>
     <span class='ocr_line' id='line_1_23' title="bbox 292 2941 1357 3045; baseline -0.003 -31"><span class='ocrx_word' id='word_1_144' title='bbox 292 2941 466 3044; x_wconf 86' lang='lat' dir='ltr'><strong>quamdiu</strong></span> <span class='ocrx_word' id='word_1_145' title='bbox 480 2942 625 3016; x_wconf 78' lang='lat' dir='ltr'><strong>Malsilin</strong></span> <span class='ocrx_word' id='word_1_146' title='bbox 640 2969 734 3018; x_wconf 84' lang='lat' dir='ltr'><strong>uxor</strong></span> <span class='ocrx_word' id='word_1_147' title='bbox 747 2947 823 3042; x_wconf 85' lang='lat' dir='ltr'><strong>ejus</strong></span> <span class='ocrx_word' id='word_1_148' title='bbox 838 2946 936 3045; x_wconf 87' lang='lat' dir='ltr'><strong>(quae</strong></span> <span class='ocrx_word' id='word_1_149' title='bbox 949 2945 1149 3018; x_wconf 88' lang='lat' dir='ltr'><strong>Geroianos</strong></span> <span class='ocrx_word' id='word_1_150' title='bbox 1163 2941 1357 3017; x_wconf 82' lang='lat' dir='ltr'><strong>Ebrullisui</strong></span> 
     </span>
     <span class='ocr_line' id='line_1_24' title="bbox 292 3059 1357 3160; baseline -0.002 -28"><span class='ocrx_word' id='word_1_151' title='bbox 292 3063 501 3134; x_wconf 88' lang='lat' dir='ltr'><strong>monasterii</strong></span> <span class='ocrx_word' id='word_1_152' title='bbox 520 3060 730 3134; x_wconf 83' lang='lat' dir='ltr'><strong>fundatores</strong></span> <span class='ocrx_word' id='word_1_153' title='bbox 747 3088 886 3160; x_wconf 89' lang='lat' dir='ltr'><strong>semper</strong></span> <span class='ocrx_word' id='word_1_154' title='bbox 904 3087 1029 3136; x_wconf 88' lang='lat' dir='ltr'><strong>exosos</strong></span> <span class='ocrx_word' id='word_1_155' title='bbox 1044 3059 1239 3159; x_wconf 83' lang='lat' dir='ltr'><strong>habuerat)</strong></span> <span class='ocrx_word' id='word_1_156' title='bbox 1256 3063 1357 3143; x_wconf 83' lang='lat' dir='ltr'><strong>vixit,</strong></span> 
     </span>
     <span class='ocr_line' id='line_1_25' title="bbox 293 3175 1360 3278; baseline -0.005 -28"><span class='ocrx_word' id='word_1_157' title='bbox 293 3175 545 3264; x_wconf 84' lang='lat' dir='ltr'><strong>Uticensibus,</strong></span> <span class='ocrx_word' id='word_1_158' title='bbox 562 3177 621 3250; x_wconf 88' lang='lat' dir='ltr'><strong>illa</strong></span> <span class='ocrx_word' id='word_1_159' title='bbox 635 3178 863 3265; x_wconf 86' lang='lat' dir='ltr'><strong>stimulante,</strong></span> <span class='ocrx_word' id='word_1_160' title='bbox 882 3177 1048 3278; x_wconf 88' lang='lat' dir='ltr'><strong>pluribus</strong></span> <span class='ocrx_word' id='word_1_161' title='bbox 1065 3176 1182 3252; x_wconf 92' lang='lat' dir='ltr'><strong>modis</strong></span> <span class='ocrx_word' id='word_1_162' title='bbox 1195 3178 1360 3252; x_wconf 75' lang='lat' dir='ltr'><strong>molestus</strong></span> 
     </span>
     <span class='ocr_line' id='line_1_26' title="bbox 293 3292 1361 3397; baseline -0.004 -30"><span class='ocrx_word' id='word_1_163' title='bbox 293 3293 428 3369; x_wconf 85' lang='lat' dir='ltr'><strong>extitit.</strong></span> <span class='ocrx_word' id='word_1_164' title='bbox 454 3294 619 3396; x_wconf 90' lang='lat' dir='ltr'><strong>Denique</strong></span> <span class='ocrx_word' id='word_1_165' title='bbox 634 3300 754 3393; x_wconf 74' lang='lat' dir='ltr'><strong>Justus</strong></span> <span class='ocrx_word' id='word_1_166' title='bbox 774 3293 924 3382; x_wconf 86' lang='lat' dir='ltr'><strong>arbiter,</strong></span> <span class='ocrx_word' id='word_1_167' title='bbox 946 3297 1010 3397; x_wconf 93' lang='lat' dir='ltr'><strong>qui</strong></span> <span class='ocrx_word' id='word_1_168' title='bbox 1034 3292 1287 3396; x_wconf 84' lang='lat' dir='ltr'><strong>peccatoribus</strong></span> <span class='ocrx_word' id='word_1_169' title='bbox 1311 3298 1361 3395; x_wconf 74' lang='lat' dir='ltr'><strong>pi«-</strong></span> 
     </span>
     <span class='ocr_line' id='line_1_27' title="bbox 293 3412 1361 3513; baseline 0 -29"><span class='ocrx_word' id='word_1_170' title='bbox 293 3412 431 3512; x_wconf 91' lang='lat' dir='ltr'><strong>parcit,</strong></span> <span class='ocrx_word' id='word_1_171' title='bbox 451 3429 488 3486; x_wconf 92' lang='lat' dir='ltr'><strong>et</strong></span> <span class='ocrx_word' id='word_1_172' title='bbox 506 3414 779 3513; x_wconf 85' lang='lat' dir='ltr'><strong>impoenitentes</strong></span> <span class='ocrx_word' id='word_1_173' title='bbox 797 3412 960 3487; x_wconf 86' lang='lat' dir='ltr'><strong>districte</strong></span> <span class='ocrx_word' id='word_1_174' title='bbox 981 3414 1161 3513; x_wconf 87' lang='lat' dir='ltr'><strong>percutit,</strong></span> <span class='ocrx_word' id='word_1_175' title='bbox 1185 3413 1361 3486; x_wconf 75' lang='lat' dir='ltr'><strong>crudelem</strong></span> 
     </span>
     <span class='ocr_line' id='line_1_28' title="bbox 292 3526 1362 3631; baseline -0.002 -31"><span class='ocrx_word' id='word_1_176' title='bbox 292 3527 486 3617; x_wconf 84' lang='lat' dir='ltr'><strong>seminam,</strong></span> <span class='ocrx_word' id='word_1_177' title='bbox 508 3555 592 3631; x_wconf 87' lang='lat' dir='ltr'><strong>quae</strong></span> <span class='ocrx_word' id='word_1_178' title='bbox 612 3529 730 3604; x_wconf 90' lang='lat' dir='ltr'><strong>multo</strong></span> <span class='ocrx_word' id='word_1_179' title='bbox 752 3530 924 3631; x_wconf 88' lang='lat' dir='ltr'><strong>sanguine</strong></span> <span class='ocrx_word' id='word_1_180' title='bbox 946 3526 1133 3617; x_wconf 86' lang='lat' dir='ltr'><strong>madebat,</strong></span> <span class='ocrx_word' id='word_1_181' title='bbox 1160 3529 1362 3629; x_wconf 79' lang='lat' dir='ltr'><strong>multosque</strong></span> 
     </span>
     <span class='ocr_line' id='line_1_29' title="bbox 293 3642 1364 3746; baseline 0 -30"><span class='ocrx_word' id='word_1_182' title='bbox 293 3642 433 3720; x_wconf 89' lang='lat' dir='ltr'><strong>nobiles</strong></span> <span class='ocrx_word' id='word_1_183' title='bbox 450 3646 629 3719; x_wconf 83' lang='lat' dir='ltr'><strong>violenter</strong></span> <span class='ocrx_word' id='word_1_184' title='bbox 646 3643 890 3721; x_wconf 75' lang='lat' dir='ltr'><strong>exhaeredatos</strong></span> <span class='ocrx_word' id='word_1_185' title='bbox 913 3673 980 3746; x_wconf 89' lang='lat' dir='ltr'><strong>per</strong></span> <span class='ocrx_word' id='word_1_186' title='bbox 999 3661 1145 3721; x_wconf 77' lang='lat' dir='ltr'><strong>externa</strong></span> <span class='ocrx_word' id='word_1_187' title='bbox 1164 3646 1364 3719; x_wconf 73' lang='lat' dir='ltr'><strong>mendicam</strong></span> 
     </span>
     <span class='ocr_line' id='line_1_30' title="bbox 293 3763 1364 3866; baseline 0.001 -33"><span class='ocrx_word' id='word_1_188' title='bbox 293 3779 476 3863; x_wconf 87' lang='lat' dir='ltr'><strong>coegerat,</strong></span> <span class='ocrx_word' id='word_1_189' title='bbox 494 3765 658 3864; x_wconf 90' lang='lat' dir='ltr'><strong>permisit</strong></span> <span class='ocrx_word' id='word_1_190' title='bbox 674 3765 793 3864; x_wconf 90' lang='lat' dir='ltr'><strong>perire</strong></span> <span class='ocrx_word' id='word_1_191' title='bbox 807 3764 926 3866; x_wconf 88' lang='lat' dir='ltr'><strong>gladio</strong></span> <span class='ocrx_word' id='word_1_192' title='bbox 940 3763 1121 3865; x_wconf 86' lang='lat' dir='ltr'><strong>Hugonis,</strong></span> <span class='ocrx_word' id='word_1_193' title='bbox 1135 3763 1196 3836; x_wconf 92' lang='lat' dir='ltr'><strong>cui</strong></span> <span class='ocrx_word' id='word_1_194' title='bbox 1210 3779 1364 3839; x_wconf 78' lang='lat' dir='ltr'><strong>oestrum</strong></span> 
     </span>
     <span class='ocr_line' id='line_1_31' title="bbox 293 3879 1364 3982; baseline -0.002 -29"><span class='ocrx_word' id='word_1_195' title='bbox 293 3879 393 3980; x_wconf 88' lang='lat' dir='ltr'><strong>quod</strong></span> <span class='ocrx_word' id='word_1_196' title='bbox 412 3882 449 3952; x_wconf 93' lang='lat' dir='ltr'><strong>in</strong></span> <span class='ocrx_word' id='word_1_197' title='bbox 473 3908 563 3981; x_wconf 92' lang='lat' dir='ltr'><strong>rupe</strong></span> <span class='ocrx_word' id='word_1_198' title='bbox 579 3881 704 3982; x_wconf 87' lang='lat' dir='ltr'><strong>Jalgeii</strong></span> <span class='ocrx_word' id='word_1_199' title='bbox 726 3883 836 3955; x_wconf 91' lang='lat' dir='ltr'><strong>situm</strong></span> <span class='ocrx_word' id='word_1_200' title='bbox 853 3898 907 3956; x_wconf 88' lang='lat' dir='ltr'><strong>est</strong></span> <span class='ocrx_word' id='word_1_201' title='bbox 923 3885 994 3981; x_wconf 85' lang='lat'><strong>(1),</strong></span> <span class='ocrx_word' id='word_1_202' title='bbox 1020 3880 1237 3972; x_wconf 79' lang='lat' dir='ltr'><strong>abstulerat,</strong></span> <span class='ocrx_word' id='word_1_203' title='bbox 1258 3898 1295 3956; x_wconf 93' lang='lat' dir='ltr'><strong>et</strong></span> <span class='ocrx_word' id='word_1_204' title='bbox 1319 3883 1364 3953; x_wconf 91' lang='lat' dir='ltr'><strong>sic</strong></span> 
     </span>
    </p>
   </div>
   <div class='ocr_carea' id='block_1_5' title="bbox 328 4164 940 4239">
    <p class='ocr_par' dir='ltr' id='par_1_18' title="bbox 328 4164 940 4239">
     <span class='ocr_line' id='line_1_32' title="bbox 328 4164 940 4239; baseline 0.008 -20"><span class='ocrx_word' id='word_1_205' title='bbox 328 4168 367 4236; x_wconf 82' lang='grc' dir='ltr'><strong>(ι)</strong></span> <span class='ocrx_word' id='word_1_206' title='bbox 386 4167 422 4221; x_wconf 73' lang='lat' dir='ltr'><strong>la</strong></span> <span class='ocrx_word' id='word_1_207' title='bbox 435 4164 531 4222; x_wconf 82' lang='lat' dir='ltr'><strong>Rocltc</strong></span> <span class='ocrx_word' id='word_1_208' title='bbox 544 4165 635 4239; x_wconf 73' lang='lat' dir='ltr'><strong>d‘lge,</strong></span> <span class='ocrx_word' id='word_1_209' title='bbox 651 4179 751 4224; x_wconf 79' lang='lat' dir='ltr'><strong>canton</strong></span> <span class='ocrx_word' id='word_1_210' title='bbox 763 4167 797 4224; x_wconf 90' lang='lat' dir='ltr'><strong>de</strong></span> <span class='ocrx_word' id='word_1_211' title='bbox 812 4168 940 4225; x_wconf 75' lang='lat' dir='ltr'><strong>belldme.</strong></span> 
     </span>
    </p>
   </div>
   <div class='ocr_carea' id='block_1_6' title="bbox 0 0 1388 5094">
    <p class='ocr_par' dir='ltr' id='par_1_19' title="bbox 0 0 1388 5094">
     <span class='ocr_line' id='line_1_33' title="bbox 0 0 1388 5094; baseline 0 0"><span class='ocrx_word' id='word_1_212' title='bbox 0 0 1388 5094; x_wconf 95' lang='lat' dir='ltr'><strong> </strong></span> 
     </span>
    </p>
   </div>
  </div>
 </body>
</html>
