2768 5094
170 368 249 447 llo}
444 374 628 437 HISTORIA
649 362 954 443 semustum.

171 496 335 570 secravit.
356 493 420 569 ltle
437 519 544 582 vero,
559 509 601 566 ut
619 493 722 575 laetus
735 502 815 569 &at
832 508 870 568 et
883 456 1050 594 ἆῤ,
1071 507 1108 566 et
1124 493 1167 564 sd
1183 520 1229 564 ar
1280 518 1286 559 ³

171 610 241 687 dua
258 607 501 686 inchoanda
472 630 547 685 uve
564 610 601 681 in
624 607 770 683 bono
744 636 817 684 sive
834 612 873 683 in
889 609 986 685 mato
1002 608 1230 700 facilium-

170 729 272 804 denti
296 727 400 802 focile
422 724 623 827 adqmevit,
648 752 688 800 ac
709 726 915 801 donationis
936 725 1100 800 chartam
1119 750 1231 805 oum

169 845 384 949 proceribus
394 846 467 918 suis
479 844 720 921 confirmavit.
733 846 869 919 Textus
879 841 1232 946 outemchirognphi

130 1032 137 1043 .
168 965 273 1068 §uod
290 965 385 1066 ogit,
405 961 608 1063 hujusmodi
625 979 702 1037 est:

222 1082 397 1156 Mortalis
424 1084 508 1155 vitre
534 1080 706 1170 brevitas,
737 1080 994 1183 hominumque
1020 1079 1234 1182 irfidelitas,

175 1219 372 1303 tempontm
408 1204 582 1287 mutatio,
614 1225 807 1299 regnorum
838 1199 1017 1274 desolatio
1058 1201 1239 1273 inunimre

174 1312 436 1419 mundifhem
458 1315 623 1451 quotidie
644 1342 711 1390 nos
734 1315 944 1390 admonent.
971 1313 1090 1417 Quod
1107 1317 1239 1390 veritas

174 1460 238 1506 nos
263 1428 409 1520 docuit,
433 1436 488 1506 sic
514 1433 683 1532 inquiens
707 1430 927 1534 discipulis:
948 1431 1041 1506 Cam
1065 1429 1146 1505 haec
1168 1429 1239 1505 fieri

174 1548 354 1638 videritis,
374 1549 412 1621 in
428 1550 597 1648 proximo
614 1564 668 1623 est
682 1575 834 1649 regnum
854 1551 921 1624 Dei
939 1552 1011 1648 (ι).
1034 1549 1144 1623 Unde
1153 1550 1241 1646 sor-

177 1671 276 1741 mica
285 1667 473 1770 prudens,
490 1684 589 1740 tanto
606 1670 790 1754 attentius,
806 1685 943 1769 quanto
954 1667 1110 1743 hiemem
1123 1670 1244 1741 venire

176 1786 285 1857 sentit
295 1784 412 1870 ocius,
425 1785 587 1884 gruuiter
593 1784 792 1884 prandere
803 1783 924 1876 debet,
938 1788 1114 1886 quatinus
1124 1811 1244 1886 grana

178 1928 250 1975 sua
263 1900 320 1975 sic
336 1902 376 1973 in
391 1882 469 1975 tuto
484 1901 677 1991 recondat,
698 1919 736 1974 ut
743 1899 890 2002 fiigore
905 1927 978 1975 non
992 1900 1146 1975 herbam
1152 1958 1166 1991 ,
1184 1900 1247 1973 sed

168 2018 341 2113 farinam
361 2014 596 2090 abwtdaruer
610 2016 756 2091 lrabeat.
779 2016 878 2089 Nam
895 2016 943 2089 de
961 2043 1033 2091 sua
1048 2016 1173 2091 salute
1186 2018 1247 2120 pi-

178 2131 414 2234 gritantibus,
429 2133 592 2233 quodam
602 2133 683 2207 loco
692 2135 748 2207 sic
754 2133 891 2207 dicitur
903 2163 911 2206 :
924 2130 1066 2222 videte,
1077 2131 1198 2207 videte
1206 2159 1248 2206 ne

181 2251 263 2352 fuga
288 2264 402 2325 vestra
429 2250 492 2324 fiat
516 2249 664 2326 sabbato
683 2251 739 2325 vel
761 2251 877 2327 hieme
899 2251 969 2349 (α).
996 2251 1145 2324 Harum
1169 2276 1248 2350 ergo

182 2397 301 2444 rerum
324 2367 616 2444 consideratione
637 2395 706 2468 ego
728 2370 882 2462 Petrus,
911 2368 995 2442 licet
1020 2384 1200 2470 peccator
1219 2385 1249 2440 et

183 2487 373 2584 indignus,
390 2485 481 2556 milu'
491 2486 692 2586 proeuidere
705 2487 745 2557 in
749 2482 884 2586 futuru
894 2487 1060 2588 cupitus,
1075 2513 1168 2588 apes
1180 2487 1251 2560 Dei

183 2603 272 2674 meis
282 2603 322 2672 in
330 2600 517 2674 viridan'is
527 2628 570 2674 ea
582 2617 702 2674 tenore
711 2601 924 2702 mellificare
934 2601 1049 2692 uoluti,
1063 2607 1247 2702 quatinus,

185 2744 267 2791 cum
280 2721 443 2791 canistra
460 2745 530 2790 sua
539 2718 831 2819 gemmatafauis
838 2716 1129 2820 plenasuerint,·
1142 2719 1252 2793 Crea-

185 2837 256 2909 tori
269 2862 335 2908 suo
352 2835 487 2909 exinde
502 2836 661 2930 referant
677 2835 807 2909 laudes
815 2893 827 2926 ,
847 2853 957 2936 atque
972 2837 1035 2909 sui
1047 2835 1251 2937 benefacto·

187 2956 237 3026 n's
254 2955 327 3026 sint
344 2952 546 3052 aliquando
564 2978 749 3029 memores.
772 2953 956 3028 Videlicet
970 2953 1017 3026 de
1032 2953 1138 3028 rehtu
1150 2957 1249 3044 meis,

37 3064 46 3080 '
113 3108 118 3117 ·
188 3094 281 3171 quas
303 3067 476 3141 hactenus
496 3069 668 3169 possedi,
699 3068 888 3169 quadam,
916 3072 1081 3169 quamvis
1101 3097 1250 3171 pauca,

190 3182 295 3257 beato
308 3181 465 3283 Ebrulsa
477 3202 703 3286 spontaneus
711 3183 826 3271 dedi,·
838 3184 1080 3284 undesratres
1093 3185 1189 3258 inibi
1199 3185 1256 3258 dc·

188 3320 313 3404 gentes
322 3302 865 3406 aliquantispersustentationis
872 3329 1057 3405 corporeae
1066 3303 1255 3394 haberent,

191 3436 226 3491 et
242 3422 316 3494 mei
331 3418 499 3498 libentius
520 3418 926 3522 mentionemfacerent.
946 3421 1147 3522 Quoniam,
1165 3423 1257 3497 oeli·

192 3562 272 3610 mus
290 3537 460 3628 nolimus,
478 3537 557 3612 lroec
571 3541 698 3616 omnia
714 3539 963 3639 relinquimus,
978 3565 1046 3614 nec
1054 3556 1146 3643 ‚eost
1160 3564 1257 3614 tuor»

1049 3686 1052 3693 ·
1075 3668 1101 3709 'lt

231 3881 269 3950 (ι)
288 3879 387 3933 unuh.
411 3898 480 3945 xxiv,
504 3877 547 3935 33.
572 3914 601 3921 —
626 3881 710 3937 Marc.
733 3901 794 3949 xus,
817 3901 860 3957 ²9·
884 3884 963 3940 &tte
988 3883 1103 3938 citatiou
1127 3884 1197 3939 n'est
1218 3901 1263 3956 pu

196 3978 365 4024 exactemeut
378 3967 519 4026 conforme
538 3988 572 4023 au
592 3980 664 4025 testo
684 3970 759 4026 dela
782 3972 914 4045 vulgate,
931 3991 985 4027 uon
1007 3972 1068 4046 plus
1087 3990 1144 4047 que
1162 3971 1188 4028 Ιι
1207 3975 1262 4030 tui·

198 4068 285 4111 vante.

234 4150 272 4218 (a)
295 4146 393 4201 March.
409 4164 477 4214 usv,
493 4164 537 4200 20.
