2768 5094
155 361 158 367 '
275 388 334 447 aas
549 383 732 446 msronn
755 383 1059 446 mctmrasrrca

325 503 409 578 XV.
422 503 528 576 Nunc
538 503 625 575 mibi
637 503 726 576 libet
737 502 819 575 huic
829 503 1005 602 opusculo
1013 518 1140 576 nostro
1149 504 1338 602 quamdam

276 619 583 693 abbreviationem
614 621 790 708 inserere,
824 646 932 720 quam
968 634 1117 720 rogante
1146 619 1337 693 venerabili

276 737 424 811 Vulfino
450 739 571 837 priore
596 764 712 838 nuper
736 737 802 811 seci
830 738 874 810 de
899 738 969 808 rita
1001 738 1038 808 S.
1069 735 1237 808 Gutblaci
1263 764 1339 812 ere·

276 857 388 928 mitae.
400 855 500 928 Felix
509 855 669 954 quidam,
682 853 1129 955 OrientaliumAnglorum
1139 855 1337 953 episcopus,

275 975 422 1046 natione
434 973 581 1073 quidem
593 971 821 1073 burgundus,
833 974 892 1046 sed
904 973 1091 1045 sanctitate
1103 969 1337 1056 venerandus,

275 1087 384 1160 edidit
402 1105 496 1188 gesta
514 1089 724 1161 sanctissimi
741 1087 959 1163 anachoritae
972 1087 1116 1186 prolixo
1129 1101 1165 1160 et
1178 1086 1339 1186 aliquan·

275 1206 392 1278 tulum
413 1204 568 1280 obscuro
591 1204 728 1278 dictatu
744 1208 817 1302 (r);
842 1232 925 1306 quae
947 1232 1016 1303 pro
1034 1229 1137 1303 posse
1155 1229 1240 1276 meo
1259 1202 1341 1275 bre-

275 1323 368 1394 viter
381 1319 590 1407 dilucidavi,
606 1322 763 1392 fratrum
775 1318 935 1421 benigno
951 1335 1098 1419 rogatu,
1115 1345 1198 1391 cum
1210 1317 1342 1419 quibus

274 1439 435 1538 quinque
451 1437 657 1536 septimanis
676 1436 879 1509 Crulandiae
898 1453 1141 1509 commoratus
1157 1462 1260 1519 sum,
1279 1461 1340 1506 ve·

274 1549 442 1623 nerabilis
468 1550 646 1625 Goisfredi
673 1548 810 1623 abbatis
841 1551 1027 1623 caritativo
1052 1555 1165 1651 jussu.
1196 1549 1342 1622 Occasio

276 1665 445 1767 loquendi
464 1667 517 1741 ‘de
540 1668 647 1742 beato
672 1659 819 1743 eremita
841 1693 915 1742 sese
937 1668 1072 1742 obtulit
1095 1683 1231 1743 nostrae
1257 1694 1343 1739 nar-

275 1786 407 1859 rationi
435 1813 499 1887 per
522 1787 735 1861 Guallevum
756 1788 954 1874 comitem,
972 1789 1035 1888 qui
1062 1785 1152 1859 lidus
1171 1786 1287 1859 lrater
1308 1801 1343 1857 et

275 1905 417 2004 adjutor
435 1906 555 1979 extitit
569 1904 822 1979 Crulandensis
839 1906 1065 1992 monasterii,
1082 1906 1175 1977 sicut
1189 1931 1233 1977 ex
1251 1903 1343 1975 rela-

276 2021 376 2094 tione
392 2023 575 2096 seniorum
593 2025 766 2095 veraciter
785 2021 963 2094 intimabo
981 2023 1017 2093 in
1036 2021 1130 2093 calce
1144 2019 1251 2117 hujus
1268 2019 1342 2116 epi-

275 2138 377 2208 tomii
394 2137 464 2234 (a).
486 2135 736 2211 indubitanter
752 2137 860 2210 credo
872 2136 971 2238 quod
986 2158 1062 2210 non
1074 2137 1195 2208 minus
1208 2134 1344 2234 prode-

275 2269 362 2324 runt
382 2252 546 2326 fidelibus
563 2256 750 2354 Cisalpinis
768 2270 888 2327 sancta
905 2270 999 2354 gesta
1018 2253 1343 2326 transmarinorum

276 2371 458 2442 Saxonum
475 2371 531 2443 rel
548 2372 748 2471 Anglorum
761 2425 770 2455 ,
785 2399 893 2471 quam
910 2374 1124 2446 Graecorum
1137 2371 1192 2444 vel
1210 2372 1343 2470 AEgyp·

277 2487 426 2571 tiorum,
446 2485 491 2557 de
508 2485 641 2585 quibus
658 2487 810 2585 prolixae
820 2542 831 2577 ,
849 2489 909 2561 sed
923 2480 1162 2575 delectabiles,
1178 2511 1344 2560 commo-

274 2603 401 2701 daeque
418 2602 627 2676 collationes
647 2603 775 2678 crebro
795 2606 978 2704 leguntur,
998 2621 1177 2705 congestae
1195 2621 1343 2676 sancto-

276 2746 357 2790 rum
376 2719 494 2792 studio
507 2720 713 2795 doctorum.
731 2724 905 2796 Praeterea
923 2748 1006 2796 reor
1018 2722 1115 2824 quod
1131 2737 1271 2822 quanto
1287 2748 1344 2793 res

277 2833 353 2907 baec
366 2837 486 2907 minus
499 2837 588 2909 olim
600 2839 820 2912 nostratibus
832 2841 960 2940 patuit,
975 2855 1078 2913 tanto
1089 2839 1248 2911 caritatis
1262 2839 1343 2938 igne

275 2953 517 3040 ferventibus,
533 2973 568 3027 et
582 2984 651 3055 pro
666 2961 850 3030 transactis
864 2957 1020 3032 reatibus
1035 2984 1078 3031 ex
1090 2958 1222 3029 intimo
1234 2956 1343 3031 corde

274 3068 482 3142 dolentibus
497 3073 687 3169 gratiosius
705 3072 868 3171 placebit.

325 3186 813 3286 [673.]'l'emp0reEtbelredi
825 3186 1343 3289 regisbnglorum(3)Gutbla·

276 3329 338 3375 cus
351 3331 392 3377 ex
407 3321 507 3404 patre
520 3306 700 3381 Penvaldo
712 3307 757 3380 ab
770 3309 911 3407 origine
920 3307 1007 3378 lcles
1019 3305 1094 3379 beri
1106 3307 1339 3389 Marciorum,

276 3437 391 3493 matre
404 3447 491 3494 vero
505 3423 609 3494 'letta
624 3439 727 3497 natus
740 3440 815 3509 est;
832 3450 906 3524 quo
920 3437 1088 3495 nascente
1100 3422 1246 3495 coeleste
1257 3447 1343 3521 pro·

309 3610 319 3675 (
326 3611 348 3677 ι)
366 3607 512 3662 L’bistoirc
529 3608 564 3662 de
578 3609 649 3663 saint
659 3609 783 3665 Gutlrlae
800 3629 835 3664 ne
851 3621 918 3684 peut
929 3611 1002 3663 avoir
1015 3613 1059 3664 ete
1073 3611 1159 3664 ecrite
1172 3627 1222 3682 par
1234 3627 1266 3663 oe
1278 3614 1342 3682 pre·

276 3695 322 3761 lat,
333 3697 382 3769 qui
394 3696 540 3770 lutappcle
552 3702 568 3752 a
580 3696 738 3770 l'i'episcopat
749 3718 797 3770 par
805 3698 942 3772 sigebert,
955 3701 996 3753 rol
1007 3696 1176 3770 d'Estanglie
1185 3693 1342 3769 (linotsnh

276 3787 343 3839 mais
353 3784 405 3840 elle
417 3797 458 3840 est
472 3786 609 3857 l'ourrage
620 3787 686 3840 d’un
703 3799 781 3840 autre
796 3788 880 3854 Fe'lix,
895 3787 1010 3860 disciple
1024 3787 1058 3841 dc
1071 3786 1231 3851 Tlieodore,
1244 3786 1342 3839 erelie—

274 3876 361 3946 chue
372 3875 408 3928 de
422 3877 594 3945 Canterbury
609 3887 637 3929 ct
652 3877 744 3930 moine
755 3877 790 3929 de
801 3879 918 3944 Janow,
932 3880 980 3951 qui
995 3877 1110 3931 l‘ccririt
1122 3893 1182 3930 sera
1201 3873 1228 3928 le
1248 3875 1343 3929 milieu

274 3963 312 4016 ‹lu
325 3975 384 4015 vrrr‘
398 3963 488 4017 siecle.
505 3963 635 4018 illabillon
655 3965 686 4018 l'a
708 3966 813 4019 inserte
832 3965 899 4020 daut
917 3965 956 4019 les
968 3970 1041 4021 Acta
1057 3965 1108 4019 SS.
1124 3964 1187 4018 ord.
1203 3965 1235 4017 S.
1250 3963 1340 4017 Benc-

274 4051 436 4109 1lr'cti,srrc.
454 4071 497 4116 ιιι,
514 4053 542 4104 Ι),
561 4073 576 4104 ι.

309 4146 347 4210 (ι)
369 4144 442 4196 bisce
456 4147 585 4214 rpitomes
598 4163 634 4197 ou
647 4150 780 4214 epitomae

309 4230 346 4295 (3)
367 4221 511 4299 litlrclied,
527 4237 567 4287 roi
585 4233 620 4287 dc
636 4235 736 4290 llcrcie
749 4234 900 4310 (ilfi-705).
