2768 5094
154 393 217 454 140
434 391 618 453 HISTORIA
640 390 946 454 eccnffittsrlcs.
1039 395 1221 477 [9774οω]

153 510 231 612 agri
252 509 306 582 sui
328 534 476 608 operam
495 510 685 604 reviseret,
702 510 824 586 subito
840 539 859 585 a
875 510 1045 586 daemone
1064 529 1224 615 arreptus

155 643 227 716 est,
243 629 331 699 etin
345 640 486 699 tantum
503 642 648 700 vexatus
666 645 707 700 ut
720 655 811 728 pene
828 630 1048 703 incessanter
1063 626 1226 704 homines

153 741 325 816 devorare
344 759 382 816 et
398 770 551 844 quaeque
571 741 813 844 perfringere,
834 743 879 816 ab
896 742 1000 817 hoste
1019 744 1227 817 stimulare-

155 875 230 931 tur.
248 860 337 933 Tres
354 861 472 960 itaque
488 859 617 934 fratres
629 861 683 933 sui
696 862 1006 962 jejunioquatnor
1017 875 1228 961 temporum

154 976 194 1049 in
211 977 319 1076 junio
335 975 379 1049 ad
397 975 559 1049 tumbam
576 977 612 1049 S.
629 975 756 1051 Judoci
774 978 938 1051 vinctum
955 976 1228 1077 perduxerunt,

154 1093 445 1196 ibiqueaquarta
457 1093 545 1169 feria
556 1093 723 1196 usquead
733 1091 921 1168 sabbatum
931 1109 1227 1195 permanserunt

155 1212 295 1286 Exinde
311 1213 467 1312 quietius
483 1238 520 1287 se
538 1214 653 1312 coepit
673 1239 767 1313 aeger
781 1209 930 1299 bebere,
948 1226 986 1285 et
1003 1211 1152 1313 integra
1172 1238 1229 1285 re-

155 1344 258 1429 cepta
276 1332 444 1429 sospitate
461 1330 716 1431 perpetualiter
734 1332 771 1403 in
786 1356 929 1404 servum
945 1345 1074 1404 sancto
1088 1330 1230 1405 Jndoco

156 1447 305 1522 tradidit
324 1476 374 1523 se.
399 1451 477 1524 lloc
499 1449 626 1524 eodem
646 1465 814 1550 rogante,
838 1449 875 1520 in
898 1448 1096 1547 festivitate
1118 1451 1229 1523 ancti

153 1565 302 1638 Joaunis
334 1567 503 1664 Baptistae
524 1564 641 1639 Wido
672 1563 780 1637 abbas
810 1561 1003 1638 ambonem
1033 1563 1230 1639 ascendens

154 1681 293 1782 populo
315 1683 494 1770 narravit,
522 1684 709 1783 ipsumque
732 1696 948 1785 praesentem
968 1695 1006 1755 et
1025 1706 1133 1754 mans
1150 1708 1230 1755 snus

154 1797 272 1895 palam
289 1811 552 1897 protestantem
571 1796 741 1872 ostendit.

205 1913 360 2006 Quidam
383 1912 553 2012 perfectae
578 1914 693 1987 aetatis
713 1941 779 2015 per
799 1939 853 1987 vn
881 1939 996 1988 annos
1022 1915 1073 1987 ita
1098 1913 1229 1988 surdus

154 2035 303 2123 mansit,
324 2048 366 2105 nt
383 2031 475 2105 nihil
497 2033 640 2134 penitus
658 2032 812 2106 audiret.
834 2034 943 2105 lluuc
966 2057 1063 2107 uxor
1085 2037 1166 2133 ejus
1186 2030 1227 2105 ad

158 2148 321 2223 tumbam
341 2151 454 2223 sancti
478 2151 546 2223 viri
570 2149 737 2238 adduxit,
755 2149 878 2252 ibique
896 2149 1129 2252 aliquantum
1145 2177 1228 2227 ora-

155 2266 220 2338 vit.
247 2265 384 2340 Deinde
400 2265 545 2355 mulier,
565 2265 717 2364 jubente
733 2265 923 2355 Pridiano,
941 2268 1062 2339 virum
1075 2266 1123 2339 ad
1139 2266 1229 2341 l'on·

154 2398 228 2455 tem
242 2384 353 2454 sancti
370 2383 497 2456 Jndoci
515 2382 704 2481 perduxit,
724 2398 761 2456 et
779 2398 834 2457 ter
851 2400 957 2484 capnt
973 2387 1048 2483 ejus
1066 2384 1228 2484 propriis

154 2499 320 2573 manibus
340 2528 383 2574 ex
398 2526 488 2602 aqna
504 2499 617 2573 sontis
634 2499 808 2600 perfudit.
828 2503 913 2576 Mox
932 2499 1099 2574 anditum
1118 2528 1227 2576 mcu-

152 2620 314 2718 peravit,
342 2618 451 2690 acad
482 2618 665 2691 eeclesiam
693 2645 897 2719 regressus,
925 2619 1092 2708 missam,
1117 2644 1227 2721 quam

154 2763 219 2834 per
242 2762 294 2809 vu
317 2762 430 2809 annos
452 2763 527 2811 non
547 2734 725 2826 audierat,
746 2735 894 2809 audivit.

204 2856 290 2927 Haec
306 2855 429 2927 omnia
454 2853 689 2928 floriacensis
711 2854 935 2950 lsembardus
967 2868 1065 2957 gesta
1087 2871 1228 2957 tempo·

155 2970 256 3045 ribus
273 2972 435 3072 llugonis
450 2973 570 3073 Magni
590 2998 652 3045 sen
664 2970 839 3048 Rodberti
853 2973 946 3074 regis
959 2971 1149 3048 Adelelmo
1164 2998 1227 3047 ro·

154 3088 292 3189 gitantc
319 3085 526 3186 deser-ipsiu
554 3087 614 3162 sed
636 3103 757 3188 postea
781 3087 904 3161 beatus
930 3086 1087 3162 Jndocus
1112 3087 1225 3161 multa

156 3202 362 3305 petentibus
390 3202 563 3305 magnalia
591 3205 863 3305 (quamvisper
891 3205 1066 3277 incuriam
1092 3205 1225 3305 scripta

156 3342 232 3394 non
251 3320 347 3418 sint)
364 3347 466 3421 agere
481 3347 555 3395 non
579 3321 727 3395 destitit.
749 3321 896 3393 Mutatio
923 3320 1022 3421 regni
1044 3320 1226 3422 principi-

158 3433 245 3522 bus,
262 3453 299 3508 et
315 3462 388 3509 sese
398 3435 610 3535 proceribus
622 3453 751 3510 mutuo
765 3433 1075 3535 perturbantibus,
1093 3435 1225 3510 itemm

160 3578 289 3651 corpus
312 3555 424 3626 saneti
447 3553 574 3627 Jndoci
595 3579 663 3653 pro
686 3554 818 3628 timore
840 3552 997 3628 hostium
1016 3567 1110 3627 terra
1135 3578 1225 3629 coo·

158 3682 302 3766 pertum
320 3683 392 3757 est,
412 3684 447 3742 et
461 3667 598 3742 tamdiu
612 3669 660 3740 ita
665 3668 795 3768 jacuit,
811 3668 926 3742 donec
940 3664 1111 3741 omnibns
1123 3694 1226 3743 mos*

157 3785 228 3857 tuis
245 3788 307 3884 qni
324 3785 554 3875 abdiderant,
574 3788 776 3860 communis
797 3785 998 3886 ignorantia
1015 3784 1222 3859 involverit.

159 3900 338 4001 Tempore
365 3904 511 3976 Henrici
540 3903 633 4001 regis
652 3904 894 3989 Francorum,
921 3898 1107 3975 monacbis
1131 3928 1227 4001 saepe

158 4019 464 4118 conquerentibus
477 4018 575 4119 quod
595 4020 804 4119 ignorarent
819 4018 879 4091 ubi
902 4035 1076 4119 patronus
1097 4042 1225 4093 eornm

155 4134 394 4232 requiesceret
409 4135 585 4219 Jndocns,
607 4137 748 4209 cuidam
768 4134 920 4234 simplici
945 4134 1036 4207 laico
1051 4133 1226 4207 divinitus
