2768 5094
223 444 282 506 228
499 444 684 505 HISTORIA
706 444 1012 507 ECCLFSIASTICA.

222 569 360 639 cruoris
378 566 597 639 truculenter
616 569 810 668 rapuistis,
830 594 904 666 qua
923 570 1066 638 ratione
1085 566 1176 639 mibi

222 712 292 783 que
311 683 613 785 contemptoribus
638 685 787 771 mundi,
811 690 875 784 qui
896 702 1024 786 sponte
1042 710 1124 786 pro
1156 686 1176 755 ί

220 801 354 871 nudati
364 827 490 872 sumus
501 802 683 900 propriis,
701 805 779 874 sine
794 801 905 902 culpa
923 801 1112 903 impartiri
1122 827 1176 902 po

224 916 416 989 Generalis
443 919 604 987 omnium
629 916 880 1025 religioprum
906 916 968 988 lec
991 934 1067 1006 est,
1101 944 1130 989 a
1158 944 1176 991 r

218 1029 419 1120 abstinere,
439 1047 473 1102 et
489 1031 536 1103 de
550 1031 685 1132 proeda
698 1030 834 1162 &tiam
849 1033 885 1102 si
900 1032 1075 1130 offertur)
1092 1058 1172 1135 pro

218 1147 279 1218 tia
296 1145 524 1219 observantia
534 1145 631 1217 nolle
646 1171 816 1245 paupere.
836 1147 939 1218 Dicit
956 1148 1056 1218 enim
1072 1145 1176 1247 Scri!

218 1264 413 1347 Immolaus
430 1290 474 1335 ex
493 1264 638 1364 iniquO,
659 1262 798 1337 oblatio
817 1278 870 1336 cst
886 1263 1077 1337 maculata.
1107 1266 1164 1336 Et

212 1399 300 1483 post
316 1410 325 1451 :
342 1380 412 1474 Qui
432 1380 541 1453 offert
556 1379 770 1453 sacrificium
791 1407 834 1454 ex
851 1378 1049 1452 substando
1069 1407 1176 1481 paup

216 1499 316 1598 quasi
333 1498 395 1599 qni
412 1498 576 1571 victimat
592 1497 708 1570 filium
732 1499 769 1570 iu
787 1513 980 1596 conspectu
1005 1498 1126 1595 patris
1148 1525 1176 1569 si

216 1617 312 1687 Ha’c
320 1631 355 1709 et
365 1613 421 1686 tu's
433 1614 572 1686 similia
585 1614 720 1721 dirime
732 1612 825 1714 legis
833 1616 1028 1717 praecouia
1036 1631 1176 1715 pertra

216 1760 442 1835 expavesco,
474 1750 508 1803 et
537 1749 650 1804 totam
680 1732 856 1835 Angliam
885 1735 995 1830 quasi
1022 1732 1176 1834 ampliss

212 1852 382 1952 proedam
409 1850 600 1951 dijudico,
628 1854 773 1950 ipsamq
868 1876 928 1921 um
954 1852 1063 1949 gazis
1088 1856 1176 1943 suis

216 1967 336 2064 ignem
358 1965 544 2038 ardentem
568 1967 777 2064 contingere
817 1964 970 2036 onnido.
997 1965 1050 2035 Et
1072 1968 1170 2064 quia

207 2081 314 2180 jubet
340 2098 378 2154 ut
406 2083 560 2181 quisque
583 2086 794 2182 procimum
817 2107 925 2152 suum
948 2080 1085 2177 diligat
1111 2085 1176 2155 sict

214 2200 334 2299 ipsum
341 2255 353 2287 ,
371 2200 451 2270 sine
468 2197 557 2270 dolo
574 2197 697 2270 dicam
719 2197 822 2271 vobis
845 2196 888 2267 id
905 2196 1008 2295 quod
1029 2196 1123 2287 mibi
1147 2224 1176 2271 ct

213 2333 264 2388 est
297 2315 467 2388 inditum.
501 2315 613 2413 Quod
644 2314 733 2386 mibi
763 2314 851 2387 utile
884 2341 977 2402 reor,
1006 2314 1115 2387 uobis
1151 2342 1176 2417 q

212 2430 358 2503 salubre
375 2430 542 2504 arbitror.
564 2432 668 2530 Ergo
686 2431 787 2530 qnod
804 2430 1047 2503 amicabiliter
1062 2430 1176 2531 loquo

210 2546 562 2619 videaturamarum
569 2580 585 2631 ,·
594 2545 662 2619 sed
675 2564 727 2634 tu,
740 2564 882 2649 strenue
886 2547 1074 2647 princeps,
1089 2564 1176 2621 etco

211 2661 341 2736 litones
358 2665 429 2751 tui,
447 2665 513 2762 qui
521 2688 634 2763 grave
650 2680 768 2735 tecum
785 2654 940 2734 inierunt
954 2662 1176 2760 periculam,⁴

211 2796 277 2852 tra
293 2780 554 2854 admonitionis
582 2780 737 2880 benigno
757 2779 869 2854 corde
888 2781 1062 2880 suscipite
1084 2780 1176 2883 eloqt

212 2896 336 2997 Opera
352 2898 427 2968 Dei
441 2897 582 2969 cunctis
598 2895 831 2969 diebusvitae
842 2912 973 2969 uestra
987 2884 1176 2994 sagaciter

207 3011 390 3101 siderate,
419 3029 453 3084 et
472 3011 624 3110 judicia
651 3016 751 3113 ejus,
779 3036 864 3110 qua
895 3011 1176 3112 incomprebens

207 3146 309 3217 sunt,
327 3135 365 3202 in
382 3129 546 3202 omnibus
565 3129 734 3231 operibus
751 3130 879 3202 uestris
897 3130 1036 3217 timete,
1062 3146 1097 3201 et
1117 3114 1176 3203 sic

209 3265 301 3320 tram
330 3250 446 3320 uitam
477 3274 586 3346 aqua
620 3247 725 3318 lance
751 3245 935 3318 moderari
967 3243 1022 3315 ad
1059 3244 1176 3317 volun.

207 3364 278 3436 Dei
305 3367 492 3463 satagite;
520 3381 558 3434 ut
589 3364 666 3463 ipse
697 3360 832 3433 arbiter
855 3376 1030 3448 aternus,
1061 3364 1127 3459 qui
1159 3386 1176 3433 o

201 3482 303 3579 juste
325 3479 501 3580 disponit,
518 3478 718 3578 placabilis
735 3481 781 3550 sit
803 3475 907 3550 uobis
925 3481 963 3548 in
991 3475 1121 3549 altimo
1143 3476 1176 3551 d

207 3598 316 3668 mine.
333 3596 423 3668 Non
440 3622 505 3667 uos
519 3595 708 3695 decipiant
724 3593 938 3677 adulatores,
950 3618 1052 3664 uana
1065 3618 1176 3666 secun

207 3736 274 3783 nec
294 3710 490 3783 insolenter
505 3736 574 3810 pro
592 3709 762 3781 secundis
780 3708 959 3781 arentibus
975 3712 1176 3809 pra’sentis

205 3854 274 3899 vos
292 3826 472 3899 letlialiter
488 3826 693 3899 obdormire
714 3827 897 3900 suadeant
918 3829 955 3897 in
976 3827 1172 3903 mundana

241 4136 249 4195 '.'
257 4132 279 4199 ι)
300 4130 488 4184 Ecclesiastic.
504 4150 587 4191 xxxiv.
600 4152 629 4187 m
647 4146 672 4188 et
688 4140 731 4199 ot.
