2768 5094
158 394 217 453 rae
425 388 611 449 msronn
632 386 938 451 eccttsnsrlm.
960 392 1062 467 [cnm
1073 388 1218 467 mann

156 507 252 580 tibus
268 505 377 579 dedit.
389 504 452 585 ¹lbi
466 505 579 581 fidelis
592 505 724 581 athleta
737 507 801 581 Dei
814 506 973 581 Judocus
985 504 1055 580 diu
1071 514 1156 581 Deo
1169 508 1220 579 mi

153 626 288 712 litavit,
302 639 339 697 et
351 640 483 696 sanctae
497 624 581 696 vitre
594 650 701 697 cursu
713 624 867 698 feliciter
879 638 1144 697 consummato
1156 620 1221 695 idm

152 740 351 816 decembris
367 740 412 813 ad
428 738 612 813 Christum
629 742 809 842 migrarit.

201 861 282 934 Duo
300 874 448 958 nepotes
466 866 540 958 ejus
556 857 788 932 Winnochus
810 873 848 932 et
869 857 1070 932 Arnochus
1097 855 1221 930 ibidem

151 977 184 1049 ci
203 991 468 1062 successerunt,
488 991 525 1049 et
541 990 706 1048 sanctum
723 1001 871 1075 eorpus,
890 975 991 1078 quod
1014 973 1084 1048 diu
1106 975 1222 1049 incor-

153 1107 303 1190 ruptum
329 1091 478 1177 mansit,
510 1089 720 1191 frequenter
747 1117 837 1193 aqua
864 1089 981 1164 lavare
1010 1105 1051 1164 et
1079 1089 1222 1164 tondere

153 1224 430 1284 consueverunt.
443 1207 678 1282 Drochtricue
687 1210 760 1282 dux
770 1209 956 1282 Haimonis
964 1204 1222 1281 amarorum

37 1382 40 1387 .
152 1322 308 1411 audivit,
335 1322 395 1397 sed
412 1323 556 1397 credere
577 1322 769 1397 dubitavit.
795 1326 873 1399 Hoc
894 1323 1006 1425 igitur
1022 1322 1222 1422 procaciter

152 1441 340 1541 explorare
357 1441 501 1529 volens,
516 1444 552 1514 vi
571 1469 709 1515 sacrum
733 1442 937 1543 sepulcrum
956 1440 1095 1539 aperiri
1107 1438 1220 1525 tecit,

153 1577 189 1634 et
209 1562 306 1633 intus
329 1561 568 1634 irreverenter
591 1562 744 1633 intuitus
764 1577 802 1634 et
823 1585 910 1633 mox
930 1559 1133 1632 exterritus
1150 1557 1219 1630 ait:
1265 1652 1267 1657 Ι

153 1679 236 1751 At!
262 1695 387 1751 sancte
407 1678 574 1753 Judoce!
591 1680 721 1753 Statim
747 1678 874 1751 surdus
901 1694 938 1751 et
958 1693 1088 1750 mutua
1114 1676 1223 1751 factm
1265 1664 1267 1683 ¹

154 1810 227 1881 est,
250 1810 288 1867 et
316 1820 428 1894 usque
455 1792 499 1865 ad
527 1810 684 1868 mortem
708 1796 810 1868 omni
837 1820 990 1893 corpore
1014 1791 1222 1867 debilitatur

153 1924 221 1982 est.
240 1908 343 1983 Uxor
360 1925 481 1982 autem
497 1913 571 2008 ejus
590 1910 794 1983 infortunio
810 1910 877 1982 viri
900 1910 1026 1982 territa
1041 1907 1091 1980 ad
1109 1909 1222 1981 Deum

155 2026 354 2126 ingemuit,
379 2044 416 2100 et
440 2054 509 2127 pro
531 2028 726 2102 salvatione
747 2029 877 2100 animae
899 2024 986 2099 duas
1004 2025 1113 2099 villas
1132 2024 1224 2097 Cria-

154 2144 337 2244 piniaoum
350 2159 387 2218 et
399 2143 632 2219 Netrerillam
646 2147 702 2246 (1)
717 2161 840 2219 sancto
854 2144 994 2223 Judooo
1006 2142 1124 2217 dedit.
1141 2142 1224 2215 Haec

156 2264 275 2364 itaque
293 2278 455 2361 tempore
475 2262 667 2363 Dagoberti
693 2262 757 2337 [iiii
781 2261 939 2337 lotharii
963 2261 1114 2363 Magni,
1136 2260 1226 2361 regis

154 2382 396 2466 Francorum,
417 2395 511 2478 gesta
529 2397 626 2453 sunt.

205 2495 439 2568 Floriacensis
459 2495 682 2570 isembardus
699 2500 756 2597 (α)
774 2498 958 2577 Herboldo
975 2497 1101 2573 abbati
1122 2497 1227 2572 insti-

156 2626 262 2710 gante
277 2609 463 2686 Adelelmo
484 2613 663 2688 monacho
677 2615 849 2692 describit
866 2616 965 2719 quod
980 2642 1081 2691 anno
1097 2614 1148 2689 ab
1171 2614 1230 2686 iu-

158 2728 367 2801 carnatione
395 2728 542 2802 Domini
569 2743 842 2825 nccccuxxvn0,
873 2749 1037 2834 tempore
1063 2729 1228 2807 lotharii

160 2843 224 2918 filii
247 2844 419 2918 Ludovici
443 2847 537 2946 regis
552 2848 796 2939 Francorum,
821 2876 953 2953 corpus
972 2850 1012 2922 S.
1030 2848 1165 2925 Judoci
1181 2848 1232 2920 aie

160 2963 347 3035 inventum
373 2964 432 3035 sit.
465 2965 632 3045 Rusticus
656 2966 803 3067 quidam
828 2968 977 3044 nomine
1002 2964 1229 3067 Stephanus,

158 3079 219 3178 qui
235 3105 278 3151 ex
293 3079 411 3152 officio
425 3079 623 3153 molendini
637 3084 773 3156 vietum
786 3081 1001 3186 quaeritabat
1010 3100 1022 3172 3
1038 3085 1079 3156 in
1091 3082 1233 3157 oomnis

156 3194 357 3297 aquodam
386 3196 471 3270 clari
500 3195 643 3271 babitus
669 3201 750 3275 viro
776 3202 1003 3288 admonitus,
1033 3199 1078 3273 ad
1105 3200 1230 3276 locum

155 3315 192 3387 S.
206 3315 226 3386 J
229 3313 333 3388 udoci
342 3315 456 3403 venit,
467 3331 505 3389 et
516 3316 639 3391 relicta
649 3346 761 3395 uxore
773 3347 856 3395 eum
872 3319 954 3393 filiis
964 3318 1118 3393 clericus
1127 3318 1233 3393 effa>

157 3448 213 3505 tus
233 3448 299 3506 est.
321 3432 463 3533 Corpus
475 3459 561 3508 vero
584 3438 621 3508 S.
637 3437 785 3530 Judooi,
809 3437 908 3539 quod
932 3454 1021 3510 tuno
1043 3465 1063 3509 a
1089 3438 1232 3511 cunetis

159 3610 203 3620 ι-
464 3616 669 3627 -σ-υ--ιο

191 3708 201 3774 (
207 3710 230 3775 ι)
250 3706 323 3760 Dans
336 3706 362 3761 la
374 3708 418 3762 vic
427 3707 538 3781 publice
549 3728 599 3781 par
608 3710 755 3780 Mabillon,
775 3713 794 3769 il
810 3716 879 3770 n'ert
892 3714 968 3789 parte
982 3733 1038 3790 que
1050 3714 1093 3770 du
1106 3716 1231 3790 premier

157 3795 192 3849 de
204 3814 248 3849 ces
261 3794 413 3853 domaiuer.

190 3888 229 3949 (a)
250 3884 408 3951 lacmbard,
422 3888 514 3941 moine
529 3887 564 3942 de
578 3886 684 3956 Remi,
703 3892 832 3948 ssorissait
844 3894 912 3951 dam
929 3894 955 3949 la
972 3893 1120 3949 deurieme
1132 3896 1233 3949 mina

154 3972 192 4025 du
206 3982 232 4026 ι·
244 3975 326 4029 siecle
339 3988 367 4030 et
376 3974 399 4030 ia
408 3976 545 4049 premiere
556 3976 595 4031 dn
608 3986 653 4033 n‘.
662 3982 702 4037 Ce
711 3981 754 4038 sut
766 3986 845 4058 apri·
855 3984 879 4040 ia
888 3985 1090 4040 decouverteet
1106 3984 1232 4041 iamm-

152 4061 238 4116 lation
257 4063 295 4118 dn
315 4082 396 4138 corps
413 4064 449 4119 dc
462 4066 533 4120 saint
552 4068 641 4131 Joase,
657 4090 691 4127 en
702 4090 764 4148 977,
782 4092 837 4147 que
850 4072 888 4127 len
898 4074 1005 4129 moines
1015 4072 1052 4127 de
1062 4090 1113 4127 aon
1123 4072 1231 4145 attare

152 4154 272 4225 prterunt
287 4164 331 4210 eet
340 4155 459 4209 rcrivain
474 4155 509 4211 dc
518 4172 661 4231 comparer
674 4160 698 4215 la
711 4164 754 4219 vie
766 4162 801 4218 dc
816 4139 877 4219 lciir
889 4165 961 4220 saint
975 4174 1084 4238 patron.
