2768 5094
154 391 213 453 sss
429 391 611 454 ursroau
633 391 943 491 eccursusrrcg

155 535 300 612 masque
322 509 549 584 adversitates
564 509 728 610 pertulit.
752 512 793 583 ln
811 522 995 587 senectute
1012 512 1097 612 plus
1117 539 1217 614 qnam

155 652 208 700 vu
224 627 328 700 annis
342 625 469 699 calculi
484 627 648 702 molestia
672 625 830 727 languit,
858 627 1076 732 diutinoque
1095 629 1219 705 morbo

155 769 314 844 gemens,
334 742 428 816 lecto
445 767 521 818 non
537 741 725 834 decubuit,
743 742 804 816 sed
819 743 983 845 quotidie
998 744 1044 819 ed
1060 744 1220 819 divinum

154 885 245 960 opus
261 884 430 959 surgens,
447 861 523 934 Deo
538 858 668 959 gratias
685 860 777 959 egit,
795 874 833 934 et
851 858 964 950 bene,
984 876 1028 934 ut
1041 887 1144 950 seor,
1165 890 1218 962 ps

154 992 269 1067 ratus,
297 992 400 1052 tetre
420 978 538 1054 noctis
552 979 591 1050 in
609 977 716 1051 initio
733 975 897 1052 decessit.
921 977 972 1051 Et
988 980 1076 1080 quia
1094 981 1223 1056 multos

154 1097 228 1195 ipse
247 1121 368 1170 versus
386 1093 515 1184 edidit,
535 1093 663 1176 Vitalis
680 1095 897 1197 Angligena,
915 1096 1221 1198 discipulusque,

153 1241 260 1314 super
283 1213 347 1288 illo
369 1213 602 1301 versificavit,
627 1228 664 1288 et
680 1214 782 1288 inter
798 1215 973 1316 lacrymas
997 1216 1035 1289 in
1054 1216 1116 1292 die
1137 1217 1222 1292 dor·

154 1330 316 1404 mitioris
331 1331 420 1428 ejus,
440 1329 680 1404 tumulatione
689 1346 843 1429 pometa.
857 1356 1004 1407 carmen
1018 1330 1219 1434 hujusmodi

157 1448 384 1548 composuit:

295 1664 489 1731 Hebdomadas
500 1664 569 1720 dum
581 1675 638 1721 tres
651 1666 816 1740 complesset
828 1667 960 1736 Martius,
975 1680 1035 1726 stra

294 1754 398 1821 Votis
409 1767 439 1813 et
450 1755 550 1829 pluviis
563 1757 693 1829 migravit
706 1768 789 1811 nocte
801 1757 953 1815 lohannes.

287 1844 461 1913 &Remis
475 1858 570 1914 uatus,
584 1845 620 1902 de
631 1847 745 1902 Francis
755 1857 799 1903 est
808 1848 959 1916 oriundus,

295 1934 474 2013 Meque
486 1947 564 2010 pater
577 1937 632 1991 luit
644 1935 700 2004 illi,
715 1937 817 1993 Poncia
830 1949 928 1994 mater.

295 2028 338 2085 De
349 2027 454 2084 subole
469 2027 548 2083 lucro
560 2046 678 2100 puerum
693 2045 777 2102 quem
791 2029 866 2102 parit
878 2030 975 2103 origo,

297 2115 403 2172 Extulit
414 2114 450 2169 ad
461 2115 583 2171 celebres
595 2133 639 2169 ars
652 2114 787 2171 libertatis
799 2115 931 2171 honores.

298 2205 423 2261 Utilibus
433 2205 534 2261 studiis
546 2205 601 2259 luit
612 2223 628 2260 a
640 2203 796 2278 puerilibus
809 2205 889 2260 aunis

299 2295 430 2361 Deditm,
446 2292 521 2350 unde
533 2293 624 2349 solum
639 2293 776 2350 beroense
787 2311 907 2369 suosque
920 2293 1035 2369 reliquit
1047 2318 1055 2362 3

299 2386 385 2440 Venit
393 2384 429 2439 ad
442 2395 570 2440 externos
584 2383 738 2451 Uticensem
749 2384 864 2455 junctus
876 2384 999 2454 eisdem,

300 2475 374 2529 Pene
386 2474 482 2528 decern
496 2473 591 2529 lustris
602 2473 754 2528 monachos
768 2474 838 2542 luit,
852 2492 940 2549 usque
951 2474 1078 2532 celebris.

301 2565 418 2635 ingenio
433 2563 542 2617 subtilis
553 2573 626 2628 emt,
641 2565 698 2618 cito
709 2582 821 2619 carmen
835 2564 949 2639 agebat,

300 2651 390 2706 Metro
402 2667 451 2704 sen
465 2667 545 2722 prosa
558 2668 682 2723 pangens
693 2668 875 2727 quocumque
884 2652 1001 2710 volebat.

300 2741 367 2797 Otia
380 2740 499 2808 vitabat,
513 2742 651 2812 majorum
664 2742 767 2816 scripta
780 2742 903 2817 legebat,

302 2830 456 2886 Commoda
470 2832 625 2904 priscorum
639 2849 754 2905 carpens
766 2832 933 2892 documenta
946 2837 1080 2892 virorum.

303 2923 336 2977 ln
350 2922 427 2976 cultu
439 2922 546 2978 Christi
556 2920 733 2978 laudabiliter
743 2922 879 2997 vigilarit;

305 3012 393 3067 Nocte
404 3010 506 3086 dieque
518 3012 577 3067 Deo
591 3029 639 3067 sua
652 3011 770 3068 reddere
781 3024 844 3069 rota
855 3015 969 3088 sategit3

306 3101 422 3158 Actibus
432 3111 461 3156 et
472 3101 562 3157 verbis
574 3100 787 3174 exemplarent
799 3103 925 3177 pietatis3

305 3193 409 3248 Divinae
422 3191 491 3265 legis
502 3191 664 3265 frequenter
673 3209 757 3264 opaca
767 3193 896 3253 revolvit;

305 3283 420 3356 Mystico
428 3280 574 3356 discipulis
586 3293 665 3353 grato
679 3300 807 3337 sermone
820 3284 929 3338 retexit.

306 3371 384 3428 Sicut
395 3387 474 3444 apes,
487 3370 631 3427 stimulum
647 3382 795 3444 nectarque
808 3371 914 3426 serebat
929 3373 958 3426 in
972 3390 1039 3436 ore;

304 3457 426 3531 Cuspide
438 3458 579 3533 pungebat
593 3458 728 3526 tumidos,
743 3458 827 3513 dabat
841 3460 968 3515 innocuis
980 3459 1046 3515 mel.

307 3549 431 3604 Consilio
443 3547 518 3603 dulci
532 3550 625 3604 tristes
638 3548 777 3603 mulcebat
789 3558 818 3603 et
828 3566 928 3622 egion

308 3639 464 3713 Asperitats
474 3638 546 3693 leves
555 3638 745 3712 reprimendo,
760 3638 877 3695 docebat
888 3639 1006 3712 ineptos.

309 3730 493 3787 Adbrcsiator
504 3740 564 3785 erat
575 3728 659 3784 solers
670 3740 699 3784 et
712 3729 860 3803 providus,
872 3739 936 3804 apte

310 3821 452 3874 Materiam
465 3821 559 3893 paucis
572 3821 714 3892 ingentem
728 3819 852 3874 versibus
864 3836 970 3875 arcens.

309 3908 430 3963 Plurima
443 3909 478 3964 de
489 3910 617 3974 Christo,
632 3909 667 3964 de
682 3911 802 3983 Virgine
815 3919 903 3965 matre
916 3909 1018 3976 Maria,

309 4001 439 4053 Carmina
452 3999 549 4054 devote
561 4000 689 4066 dictavit,
707 4000 923 4075 honorificeque.

311 4088 431 4143 l'lurirna
445 4088 480 4143 de
492 4091 592 4144 sanctis
605 4089 720 4163 pulchre
734 4091 856 4146 reboavit
866 4091 970 4146 amicis.

313 4177 444 4233 versifice
459 4180 544 4234 sancti
559 4181 640 4233 ritem
655 4180 802 4254 descripsit
816 4178 920 4237 ttbmtu
