2768 5094
153 380 214 439 380
428 378 609 439 HISTORIA
632 375 936 436 Eccuffiltstlcs.
1010 376 1193 455 [1077-10783

153 497 298 593 niseste,
319 520 384 568 nec
396 502 497 597 piget
514 500 641 570 iterum
659 495 781 568 adbuc
798 494 1024 569 enucleatius
1043 493 1109 566 tibi
1124 522 1195 566 rese

152 638 233 682 rare
246 610 347 710 quod
358 611 482 684 natale
493 613 612 685 solum
619 611 861 686 Normanniae
872 608 959 681 nolo
973 611 1013 680 in
1028 614 1124 680 omru'
1136 610 1197 680 uita

153 754 233 800 mea
251 727 299 801 de
319 754 431 800 manu
452 755 533 802 mea
555 731 694 829 ejicere.
717 727 864 823 Anglia
882 751 1027 826 quoque
1048 750 1197 823 regnunt,

154 843 254 942 quod
270 845 411 943 ingenti
425 862 554 921 nactus
567 871 647 916 sum
660 843 804 930 labore,
821 841 923 931 nolo,
943 868 1011 914 nec
1029 838 1121 911 mibi
1133 865 1201 912 aon·

153 959 283 1031 sultum
298 977 361 1049 est,
375 959 464 1032 dum
475 963 609 1050 uiuam,
621 958 792 1047 diuidere,
805 966 890 1060 quia
902 959 1014 1056 (sicut
1024 982 1051 1028 a
1060 958 1202 1028 Donum

154 1081 193 1147 in
200 1077 237 1147 Ε
238 1077 404 1175 vangelio
411 1076 563 1173 dicitur)
571 1102 678 1149 omne
688 1101 840 1175 regnum
851 1077 888 1149 in
901 1075 1059 1174 seipsum
1067 1072 1204 1146 divisum

154 1191 374 1267 desolabitur
391 1196 459 1292 (r).
492 1193 569 1291 Qui
583 1220 640 1265 me
658 1219 808 1292 regnare
813 1194 908 1287 serit
913 1249 926 1281 ,
953 1195 1035 1294 ipse
1054 1188 1205 1290 mihipn

155 1336 224 1382 sua
240 1309 431 1382 uoluntate
447 1336 596 1408 regnum
613 1308 780 1381 mutabit.
801 1311 884 1382 Hoc
899 1310 1137 1381 certissinurm
1148 1332 1206 1378 onr-

155 1422 260 1496 nibus
277 1426 325 1494 sit
346 1423 463 1524 quod,
488 1423 576 1495 dum
590 1427 730 1511 vivam,
749 1424 1000 1524 principatum
1018 1446 1137 1493 meum
1155 1446 1208 1491 ne·

156 1545 244 1611 mini
263 1540 424 1628 tradam,
443 1566 509 1613 nec
523 1540 713 1613 mortalem
729 1539 922 1639 quamlibet
936 1540 1045 1638 regni
1057 1543 1126 1610 mei
1135 1564 1210 1640 pur·

158 1657 468 1761 ticrpemfaciam.
488 1658 617 1760 Capiti
633 1683 711 1730 meo
723 1685 749 1729 a
761 1658 913 1730 vicariis
929 1656 1069 1728 Ctrisu·
1082 1680 1210 1728 raanan

158 1772 334 1846 diadema
345 1774 542 1872 celebre(2)
561 1775 766 1873 impositum
779 1789 844 1862 est,
864 1790 897 1843 et
907 1772 1034 1870 regale
1046 1788 1211 1872 sceptrum

160 1887 436 1988 Albionisferre
452 1889 543 1960 milri
557 1890 628 1961 soli
641 1891 870 1962 commissum
886 1905 947 1960 est.
966 1887 1144 1960 Indecens
1154 1890 1215 1985 igr·-

161 2024 220 2078 tur
250 2024 301 2080 est
330 2025 364 2079 et
396 2009 541 2080 omnino
567 2008 742 2106 injustum
773 2024 813 2078 ut
847 2004 1026 2105 quamdiu
1051 2003 1215 2077 uitalibus

161 2126 261 2195 auris
273 2121 459 2225 peffruar,
482 2149 614 2226 parem
637 2123 727 2195 milri
749 2124 812 2195 uel
831 2124 1010 2223 majoram
1032 2125 1073 2194 in
1091 2120 1218 2194 ditione

162 2267 242 2312 rnea
259 2246 466 2344 quempiam
471 2244 613 2343 patiar.
630 2242 735 2312 Tunc
747 2238 966 2327 Radbertus,
984 2238 1105 2311 audita
1119 2238 1220 2338 patris

164 2355 387 2430 irrevocabili
405 2356 629 2443 definitione,
649 2356 721 2427 ait:
743 2356 943 2454 Peregrina
955 2354 1163 2455 compulsus
1176 2352 1221 2425 ud

163 2475 280 2543 instar
292 2473 461 2546 Thebani
470 2474 657 2571 Polynicis
671 2472 795 2561 adire,
810 2471 944 2546 amodo
957 2475 1147 2546 extraneis
1159 2488 1222 2543 terr

164 2591 245 2659 tabo
270 2595 418 2676 serum
445 2593 480 2662 si
488 2592 650 2686 firrtuna
676 2594 869 2664 comitante
888 2593 1032 2693 possim
1059 2593 1098 2662 in
1118 2589 1222 2662 exitia

163 2720 314 2776 stemma
335 2708 549 2805 impetrare,
569 2708 668 2805 quod
683 2710 779 2780 intra
793 2712 930 2810 patrios
949 2705 1046 2779 lares
1061 2705 1152 2778 miti
1165 2705 1222 2777 de·

165 2838 320 2920 negatur
335 2850 418 2895 cum
432 2821 621 2896 dedecore.
639 2824 787 2896 [binam
804 2823 965 2896 Adrasto
983 2825 1065 2896 seni
1077 2822 1222 2896 similem

165 2965 262 3011 nunc
293 2943 495 3029 inueniam,
527 2945 587 3012 cui
605 2941 687 3040 fide
717 2943 894 3015 seruitutis
924 2966 1056 3012 munus
1089 2940 1223 3012 alacri·

166 3071 219 3125 ter
243 3056 391 3154 nffmam
417 3073 451 3128 et
476 3084 500 3127 a
526 3083 599 3155 quo
624 3073 766 3152 gratum
796 3058 1117 3128 remunerationem
1141 3056 1222 3127 reci·

163 3173 292 3271 piam!

216 3289 417 3364 Radbertus
427 3292 481 3365 his
493 3292 598 3365 dictis
608 3297 718 3366 iratus
732 3291 909 3380 abscessit,
925 3307 962 3365 et
974 3291 1104 3364 relicto
1116 3306 1222 3390 patre,

168 3405 211 3480 de
225 3406 444 3482 Normannia
458 3410 581 3483 exivit.
599 3411 704 3483 Tunc
718 3436 798 3482 eum
814 3409 878 3482 illo
893 3407 1062 3481 abierunt
1076 3404 1222 3480 Rodber

172 3540 227 3597 tus
238 3525 283 3599 de
299 3526 469 3601 Bellismo
482 3530 535 3624 (ὃ)
551 3545 587 3602 et
603 3527 816 3601 Guillelmus
829 3526 872 3600 de
891 3525 1047 3599 Britolio
1061 3525 1138 3623 (4),
1155 3525 1222 3597 Ro-

177 3736 182 3743 u
200 3736 524 3745 -1u-0—-.·-..-.......
600 3740 611 3744 -
650 3740 681 3745 ...
709 3738 752 3746 ..-
778 3739 821 3745 --
846 3740 874 3744 .-
911 3737 1111 3745 ...-.-..-.—-—

207 3863 246 4020 ibi
264 3863 493 4027 l(iberbbi‚sigiriific
506 3955 556 4008 ici.
571 3955 790 4027 publiquement.
806 3954 1040 4033 rolenrrellement.

208 4035 248 4106 (3)
267 4037 372 4096 Robert
385 4040 420 4096 de
434 4041 567 4109 Bellium,
584 4041 624 4095 trts
639 4043 673 4097 dc
687 4043 779 4115 Rogas·
792 4044 827 4097 dr
840 4042 1064 4115 Montgommeri.

207 4127 246 4200 (t)
264 4128 424 4185 Guittaume
439 4130 465 4184 11
480 4130 515 4185 de
528 4130 662 4198 breteuil,
678 4132 718 4186 tris
731 4131 766 4187 dc
777 4130 937 4188 Guitlaume
951 4128 1155 4186 Fur-Orbana
