2768 5094
140 414 344 496 naso-soso]
507 417 624 480 nean
643 417 820 480 ananus.
1163 424 1205 485 ss

140 534 308 634 nequiter
330 534 403 634 ipse
420 532 652 624 distraxerat,
673 537 826 611 omnino
852 537 974 609 tacuit.
1000 523 1205 613 Coenobitse

140 667 260 725 autem
281 649 401 725 audita
422 665 541 726 morte
561 651 762 727 fundatoris
782 653 939 728 eeclesia
958 679 1032 728 suae
1051 654 1204 728 nimium

140 768 343 842 contristati
360 784 464 856 sunt,
480 793 673 870 precesque
695 785 732 843 et
747 770 869 843 missas
893 785 930 845 et
948 769 1016 843 alis
1034 769 1206 845 beneficis

140 911 209 985 pro
225 887 343 960 anima
356 890 430 986 ejus
447 887 536 976 Deo,
553 890 608 961 cui
627 888 756 963 vivunt
771 889 913 978 omnis,
931 887 1086 963 fideliter
1100 887 1208 963 obtu-

140 1002 284 1092 lerunt,
300 1029 383 1102 quoe
399 1029 616 1079 successores
632 1032 761 1081 eorum
776 1033 888 1107 usque
906 1005 1011 1082 hodie
1026 1006 1209 1082 ferventer

140 1118 332 1196 observare
358 1137 533 1224 satagunt.
559 1122 784 1198 Anschetiilo
806 1123 955 1199 domum
978 1152 1078 1200 susm
1102 1151 1207 1224 repe·

140 1252 260 1327 tenta,
275 1237 494 1313 Teodelinus
509 1241 626 1314 socius
641 1243 716 1340 ejus
730 1239 879 1316 Uticam
893 1242 1015 1331 venit,
1038 1259 1075 1316 et
1093 1268 1111 1314 s
1130 1265 1210 1315 mo·

141 1352 268 1427 mobis
283 1355 372 1455 quid
388 1354 455 1428 sibi
473 1358 518 1432 de
539 1357 667 1456 Apulia
683 1357 841 1432 delatum
862 1356 988 1433 fuisset
1008 1358 1206 1460 inquisivit.

140 1472 307 1572 Cumque
317 1473 368 1546 nil
382 1474 449 1546 nisi
464 1475 635 1550 moetoris
646 1475 870 1550 nuntiumde
880 1490 998 1550 morte
1008 1475 1208 1550 amicornm

140 1591 192 1664 eis
213 1588 371 1666 densum
394 1617 469 1665 esse
490 1593 740 1693 comperisset,
767 1592 977 1692 obstupuit;
1002 1608 1039 1666 et
1060 1617 1207 1666 omnem

140 1706 403 1781 minoritatem
426 1707 470 1782 de
493 1707 664 1783 omnibus
687 1732 769 1811 quoe
791 1708 859 1782 sibi
880 1734 1052 1809 prospere
1072 1709 1128 1782 vel
1151 1706 1209 1781 ad·

140 1847 242 1897 sesae
265 1824 492 1924 contigerant
520 1825 557 1896 in
584 1826 873 1924 peregrinatione
903 1825 1095 1898 intimavit.
1124 1824 1210 1898 Mox

140 1937 361 2013 Teodericus
371 1938 750 2015 abbasAnschetilium
761 1944 900 2030 ascivit,
911 1943 1210 2041 commissamque

142 2058 333 2157 pecuniam
349 2057 453 2133 abeo
465 2059 623 2158 repetiit.
641 2058 687 2132 At
711 2059 771 2133 ilie
793 2059 914 2158 primo
928 2084 1057 2159 negare
1075 2057 1207 2154 coepit,

141 2172 204 2246 sed
222 2175 452 2273 postmodum
473 2201 492 2248 a
511 2175 710 2251 Teodelino
734 2178 919 2250 oonvictus
947 2176 998 2249 mi
1025 2175 1211 2248 venitatem

143 2293 369 2391 recognovit.
394 2293 619 2382 Pecuniam,
650 2293 787 2393 inquit,
814 2317 926 2392 quam
951 2291 1158 2391 reposcitis,
1186 2314 1213 2360 a

141 2408 293 2483 domino
310 2435 389 2482 uteo
415 2416 467 2481 W
464 2410 604 2485 illemno
621 2411 767 2512 suscepi
778 2445 793 2498 ,·
812 2412 920 2511 cujus
937 2410 1102 2509 aliquam
1118 2432 1210 2506 par·
1290 2480 1299 2495 ,

143 2542 215 2598 tem
239 2526 295 2598 ad
320 2553 407 2599 usus
435 2543 576 2601 nostros
604 2528 786 2616 distraxi,
808 2543 953 2626 partem
976 2551 1064 2599 vem
1090 2525 1213 2597 Remis

143 2642 296 2717 consilio
312 2642 452 2716 domini
468 2649 537 2716 mei
552 2642 705 2736 Iiadulji
720 2643 1037 2731 Malae-Comme,
1057 2644 1120 2741 qui
1136 2638 1214 2711 illic

143 2760 237 2833 milti
250 2760 421 2848 obviavit,
441 2762 703 2834 commemlavi.
724 2760 830 2854 Quod
847 2759 1028 2833 audientes
1046 2753 1212 2831 monachi

146 2878 267 2951 Remis
291 2877 393 2950 iilum
411 2876 466 2950 bis
481 2877 710 2966 direxerunt,
728 2879 830 2978 prius
847 2903 930 2951 cum
949 2874 1122 2951 Ruinaldo
1135 2897 1213 2947 mo·

146 2994 264 3067 nacho
284 2993 329 3068 de
350 2996 488 3096 Sappo,
511 2995 639 3071 deinde
658 3023 742 3069 cum
761 2996 919 3070 Fuloone
938 2994 982 3068 ad
1004 2992 1213 3069 Gerassium

145 3109 598 3211 archiepiscopum(s)pr0
607 3109 1213 3213 eesssuds·posito.Prsesstusautem

146 3230 447 3328 metmpoiitanus
471 3232 688 3306 monachum
710 3233 747 3305 S.
774 3230 910 3304 Ebnulfi
937 3243 1120 3330 gratanter
1140 3251 1215 3299 sus·

146 3345 263 3443 oepit,
293 3372 446 3446 eumque
475 3347 511 3419 in
539 3349 685 3446 nogotio
715 3372 783 3445 pro
811 3373 886 3446 quo
910 3360 1057 3419 vetuerat
1080 3341 1216 3440 adJ‘usit

146 3478 327 3562 qnantum
354 3466 487 3564 potuit.
520 3466 611 3537 Nam
647 3464 741 3537 idem
767 3463 855 3537 dum
891 3459 1214 3535 Cenomanensium

147 3579 335 3678 episcopus
350 3595 447 3668 erat,
462 3598 499 3653 et
515 3582 650 3654 curiam
662 3580 846 3654 Wiiiermi
862 3579 963 3654 ducis
978 3576 1213 3650 normanno-

149 3723 256 3784 rum,
288 3700 344 3771 cui
375 3697 473 3771 vaide
501 3698 685 3771 familiaris
714 3713 813 3784 erat,
845 3695 977 3771 asebna
1008 3707 1213 3793 expeteret,

148 3812 244 3911 apud
278 3814 423 3887 Uticam
457 3840 550 3916 saepe
576 3815 693 3888 fuerat
722 3811 921 3889 honorifice
950 3824 1152 3911 susceptus,
1179 3825 1213 3879 et

186 4112 223 4159 ‘'a,
245 4104 361 4156 (ivs-sas·
374 4104 408 4157 sia
420 4104 688 4168 (inimo-du-isnn,
700 4107 802 4179 mique
815 4105 852 4159 dn
872 4105 948 4159 tasas
960 4097 1154 4169 (anitii-tobi.
1170 4117 1208 4147 δ·-

154 4194 293 4263 stetique
306 4192 339 4244 siv
355 4193 448 4248 iisinss
460 4204 465 4249 t
475 4193 644 4269 soii-satiqi.
