2768 5094
22 393 138 470 [isco]
414 390 729 456 memmimus.
1048 397 1106 456 sss

25 510 167 585 turbati
178 509 324 585 fucrant
336 510 373 583 in
385 514 459 610 ejus
472 511 659 584 electione.
671 511 770 583 Duos
779 510 878 584 enim
890 509 1105 605 montebon,

23 630 93 730 qui
129 626 325 729 religione,
353 629 566 729 geminaque
603 627 750 700 scientia
774 624 983 726 pollebant,
1019 631 1109 703 Rai-

23 747 177 820 naldum
201 744 338 820 scilicet
366 744 411 819 dc
427 747 551 846 Rupe,
578 761 616 819 et
639 745 838 818 Falconem
860 743 906 818 de
933 745 1109 821 Warlcn-

24 863 114 936 villa
132 864 190 963 (ι)
215 862 259 936 ad
285 863 339 936 sui
366 863 523 964 regimen
552 862 752 962 elegerant,
783 860 935 962 ideoque
964 859 1011 934 ab
1041 889 1104 952 eo,

22 980 93 1080 qni
115 1005 181 1077 per
198 977 411 1078 pontificem
427 993 464 1052 ct
480 978 619 1052 vicinos
643 976 721 1050 sinc
748 975 899 1050 illorum
929 1003 1106 1052 consensu

23 1094 311 1196 preferebatur,
323 1123 398 1170 non
416 1095 600 1169 modicum
614 1094 849 1169 desciverant.
863 1095 965 1195 Saepe
981 1097 1018 1168 in
1033 1095 1107 1170 hu·

19 1213 185 1312 jusmodi
211 1215 359 1313 negotio
385 1241 450 1313 per
473 1213 668 1289 deteriores
693 1214 782 1287 oriri
813 1213 905 1286 solet
930 1211 1105 1289 turbatio.

26 1332 125 1406 Nam
140 1331 230 1405 dum
245 1331 402 1432 improbi
420 1359 519 1407 suam
540 1333 720 1407 violenter
735 1357 950 1432 praeponere
965 1348 1108 1408 senten·

27 1450 120 1523 tiam
148 1450 338 1537 nituntur,
357 1449 530 1550 regularis
556 1448 672 1538 ordo,
696 1450 886 1550 saniusque
914 1450 1108 1524 consilium

26 1565 218 1639 multoties
235 1564 497 1665 impediuntur.
516 1565 756 1665 Omnipotens
770 1590 858 1640 vcro
873 1565 968 1638 Deus
980 1565 1109 1640 Eccle-

28 1683 122 1755 siam
139 1707 241 1756 suam
263 1682 300 1755 in
320 1682 422 1756 omni
446 1708 608 1782 pressura
627 1697 797 1783 potenter
808 1684 986 1783 protegit,
1000 1698 1038 1756 et
1049 1709 1106 1756 er·

27 1813 156 1874 nntes
171 1799 345 1898 corrigit,
364 1825 405 1873 ac
420 1802 660 1874 necessarium
681 1800 841 1874 solamen
858 1801 953 1872 sicut
970 1799 1049 1874 vult
1069 1818 1107 1874 tt

30 1942 99 2016 per
127 1941 219 2015 quoa
235 1915 315 1989 vult
334 1916 531 1990 clementer
546 1917 714 2017 porrigit.
739 1917 826 2014 Ejus
847 1917 966 2017 itaque
983 1917 1110 2016 provi-

29 2034 156 2107 dentia
170 2033 362 2133 praesatum
382 2034 597 2108 lllainerium
612 2035 671 2131 (ut
685 2050 806 2134 postca
820 2035 960 2135 liquido
977 2036 1108 2134 patuit)

31 2150 77 2224 ad
93 2148 374 2251 gubernandum
391 2152 560 2225 Uticense
576 2151 804 2237 coenobium,
821 2150 921 2253 quod
940 2153 978 2224 in
992 2151 1106 2225 sterili

33 2295 120 2342 rure
138 2269 234 2341 inter
256 2269 492 2370 nequissimos
510 2269 766 2369 compatriotas
783 2269 892 2341 situm
909 2282 1003 2354 erat,
1021 2293 1108 2368 pro·

34 2387 166 2461 movit.
185 2387 273 2459 Erat
294 2387 392 2460 enim
417 2386 462 2459 dc
478 2387 651 2486 contiguo
669 2385 836 2471 castello,
853 2384 951 2484 qnod
974 2383 1110 2458 dicitur

35 2502 274 2594 Escalloium‚
292 2505 487 2591 oriundus,
506 2505 759 2605 grammatica,
775 2503 1005 2593 dialecticaet
1022 2501 1111 2579 rbe-

37 2623 152 2695 torica
169 2621 304 2693 allatim
321 2621 501 2711 imbutus,
519 2620 563 2694 ad
576 2621 763 2696 rcsccanda
780 2622 865 2694 sitia
884 2622 996 2695 solers
1007 2636 1045 2696 et
1060 2647 1112 2696 se·

36 2769 164 2830 verus,
187 2743 230 2817 ad
255 2743 459 2817 inserendas
474 2759 511 2817 ct
533 2742 748 2817 intimandas
767 2743 942 2818 fratribus
958 2745 1111 2819 virtutes

36 2859 210 2932 fervidus.
228 2860 449 2935 Observator
462 2862 650 2936 monastici
665 2859 803 2934 ordinis
820 2860 999 2952 assiduus,
1015 2884 1111 2934 com·

38 2979 154 3048 missis
174 2975 240 3049 sibi
260 2980 354 3050 viam
379 2979 463 3049 vitm
482 2978 708 3051 monstrabat
728 2977 846 3051 verbis
863 2993 900 3051 et
915 2975 1110 3077 operibus,

37 3092 311 3194 multorumque
327 3093 607 3193 adoperandum
626 3095 662 3165 in
677 3095 779 3166 vinea
795 3093 941 3168 Domini
955 3091 1113 3167 Sabaoth

40 3212 212 3283 incitator
228 3211 344 3283 factus
356 3227 410 3285 cst
425 3227 462 3284 et
479 3212 635 3312 praevius
644 3266 654 3300 ,
670 3238 860 3312 comesque
873 3211 1061 3284 sollicitus.

91 3329 159 3401 llic
171 3328 285 3427 coepit
298 3355 428 3403 novam
442 3327 625 3402 basilicam
638 3330 675 3401 in
690 3327 829 3403 honore
842 3345 974 3401 sanctae
990 3326 1114 3403 Marias

39 3447 167 3517 metris
183 3447 329 3518 llomini
354 3462 389 3519 et
408 3448 520 3519 stricti
539 3448 635 3519 Petri
655 3444 805 3545 apostoli
829 3471 870 3517 ac
888 3447 1000 3518 sancti
1021 3470 1112 3519 con·

39 3563 186 3635 sessoris
205 3562 370 3649 librum,
392 3562 514 3663 ibique
527 3577 663 3662 septem
679 3561 802 3635 altaria
816 3575 901 3634 sunt
921 3562 958 3635 in
972 3560 1114 3639 bonnm

38 3695 250 3752 sarictornm
279 3696 484 3755 consecrate
506 3678 639 3752 divinas
664 3678 851 3778 majestati.
879 3677 991 3753 Vetus
1013 3679 1113 3757 enim

37 3795 205 3886 eeclesia,
224 3822 333 3895 quam
352 3796 389 3868 S.
413 3794 601 3884 Ebrulsus,
619 3796 804 3897 llilperico
824 3811 860 3869 et
883 3814 1016 3896 nepotc
1038 3798 1113 3896 ejus

76 4085 85 4145 ζ
92 4085 116 4148 ι)
134 4078 349 4138 (ἱιιοωιιινιΙΙε.
365 4084 427 4152 prin
439 4080 567 4135 llretcuil.
585 4080 713 4151 l'otetle
727 4082 817 4136 mimc
828 4073 1000 4155 personnigc
1013 4080 1113 4136 eides·

43 4186 102 4227 sos.
120 4187 148 4240 p.
168 4170 215 4221 sot
