2768 5094
274 384 315 443 ss
551 375 733 436 ursroau
755 374 1059 436 eccsesrasncs.
1237 378 1345 455 [rou]

275 502 362 575 tiam
377 497 499 571 Sancti
517 494 655 569 Nicolai
678 491 892 568 confessoris
911 495 1123 594 Myreorum
1144 492 1346 593 archipre-

273 616 359 691 sulit
389 613 573 689 conditam
602 612 821 685 invenerunt
848 612 918 710 (r).
955 612 1119 710 Cumque
1154 609 1345 685 ecclesiam

274 734 502 819 introissent,
526 729 649 831 ibique
664 744 775 830 prout
799 728 955 802 coelestis
972 729 1084 828 gratia
1108 728 1265 827 singulis
1289 730 1345 803 in-

270 853 466 951 spiraverat
492 851 609 921 Deum
640 862 821 934 orassent,
853 845 1070 920 'leodericus
1098 861 1183 944 post
1212 847 1345 920 multas

270 970 445 1069 lacrymas
468 966 512 1039 dc
536 966 701 1040 oratione
728 964 904 1055 surrexit,
923 980 959 1038 et
980 962 1103 1038 labore
1119 966 1342 1053 senectutis,

270 1083 449 1186 taedioque
471 1084 597 1171 maris,
620 1082 769 1183 aliisque
796 1083 1035 1156 incommodis
1054 1079 1192 1155 fractus
1217 1084 1256 1156 in
1281 1108 1345 1157 cc-

269 1204 372 1278 clesia
387 1201 514 1275 ansius
532 1200 675 1273 resedit.
694 1202 800 1271 Tunc
821 1198 869 1272 ab
889 1200 1058 1299 episcopo
1076 1199 1142 1272 sibi
1166 1197 1345 1275 fidissimo

269 1321 402 1395 comite
419 1317 508 1418 quid
527 1316 594 1389 sibi
609 1317 824 1416 contigisset
845 1343 928 1389 cum
950 1319 1253 1418 interrogaretur,
1272 1344 1345 1393 res·

266 1437 424 1539 pondit:
449 1438 667 1508 Terrestrem
684 1434 908 1524 Jerusalem,
932 1437 985 1507 mi
1003 1451 1121 1535 pater,
1146 1436 1256 1509 adire
1274 1436 1344 1509 de-

268 1555 363 1648 cressi
368 1606 379 1642 ,
391 1550 459 1627 sed
468 1549 577 1624 credo
587 1549 680 1622 milri
690 1549 800 1622 aliter
810 1574 835 1622 a
848 1551 1007 1624 Domino
1019 1551 1182 1653 disponi.
1198 1553 1345 1626 Araris·

267 1685 341 1742 tate
362 1670 525 1769 corporis
550 1665 665 1739 valde
691 1669 858 1753 cruci0r;
891 1664 988 1740 uude
1014 1667 1194 1742 caelestem
1220 1673 1342 1767 magis

266 1807 378 1884 quam
404 1798 602 1855 terrestrem
617 1781 831 1855 Jerusalem
856 1783 1104 1883 appetendam
1130 1809 1209 1856 csse
1240 1785 1342 1857 arbi·

265 1919 353 1976 tror.
373 1900 440 1973 Cui
456 1900 643 1999 episcopus
660 1898 739 1972 ait:
759 1901 865 1999 Ego,
884 1903 1072 1973 carissime
1080 1898 1222 1998 frater,
1242 1929 1342 1975 murac

264 2018 325 2092 ibo
341 2017 537 2117 hospitium
550 2014 620 2088 tibi
630 2041 831 2116 procurare
836 2073 849 2105 ‚
870 2032 904 2088 et
920 2032 959 2088 tu
975 2019 1118 2089 interim
1132 2014 1193 2091 ltic
1206 2019 1340 2091 sedens

267 2141 458 2235 requiesce.
488 2132 688 2233 Episcopus
716 2133 835 2231 itaque
860 2131 1058 2230 hospitium
1079 2130 1147 2204 sibi
1170 2158 1339 2236 quaerm

266 2253 442 2352 perrexit,
464 2265 501 2323 et
520 2250 738 2323 'leodericus
754 2248 798 2321 ad
815 2247 926 2320 altare
944 2250 1108 2335 accessit,
1128 2248 1256 2352 ibique
1275 2250 1339 2325 diu

265 2369 399 2456 Deum,
419 2368 476 2439 cui
495 2364 539 2437 ab
560 2365 710 2438 infantia
729 2365 883 2439 fideliter
901 2368 1088 2456 servierat,
1111 2370 1245 2443 oravit.
1265 2370 1338 2444 Ds-

266 2486 350 2558 inde
367 2510 489 2558 coram
510 2484 613 2555 altari
636 2507 672 2556 se
689 2483 733 2556 ad
748 2483 936 2557 Orientem
956 2487 1170 2584 prostravit,
1195 2512 1338 2587 paunoe

266 2604 359 2675 circa
376 2629 413 2675 se
431 2601 580 2676 honeste
603 2603 827 2699 composuit,
846 2628 954 2701 super
971 2602 1140 2677 dextrum
1157 2604 1254 2678 latus
1276 2632 1337 2681 re-

266 2718 418 2805 cubans,
433 2719 532 2820 quasi
548 2718 708 2793 dormire
725 2718 846 2794 volens
855 2775 866 2811 ,
881 2737 988 2819 capnt
1001 2746 1106 2793 sunm
1123 2748 1231 2822 super
1244 2751 1337 2798 mar·

266 2858 431 2910 morsum
455 2834 605 2936 gradum
627 2834 833 2923 reclinavit,
858 2848 1055 2939 manusque
1078 2864 1188 2938 super
1210 2856 1335 2940 pectus

267 2954 302 3024 in
321 2950 470 3026 modum
491 2952 605 3023 crucis
622 2953 774 3050 aptavit,
794 2954 915 3053 sicque
936 2953 1007 3026 kal.
1028 2955 1171 3053 augusti
1191 2942 1334 3031 fidelem

265 3069 433 3166 spiritum
448 3070 524 3139 Deo
541 3069 693 3139 creatori
711 3067 880 3140 reddidit.

313 3185 508 3285 Episcopus
521 3198 641 3256 autem
656 3185 813 3283 hospitio
826 3203 1029 3285 praeparato
1044 3187 1256 3262 ministrum
1273 3190 1335 3265 bo·

299 3525 338 3594 (ι)
354 3524 395 3579 Ce
404 3532 469 3596 port
479 3524 569 3595 punit
579 3525 656 3579 avoir
665 3522 855 3594 correspondu
868 3541 903 3577 au
915 3522 973 3583 lieu
986 3527 1098 3580 nomme
1111 3543 1161 3596 par
1174 3524 1215 3583 les
1227 3526 1335 3583 Arabes

264 3611 423 3684 Souaydya,
444 3612 516 3666 situe'
529 3630 576 3665 sur
588 3611 614 3665 la
628 3612 689 3665 cote
701 3611 916 3683 septentrionale
928 3612 967 3666 du
985 3613 1058 3685 galle
1076 3612 1166 3668 lorme'
1186 3633 1237 3687 par
1253 3614 1332 3672 l'eru·

264 3700 408 3755 bouchaue
420 3699 455 3753 de
469 3698 608 3754 l'Oroute.
625 3700 680 3754 Son
697 3718 761 3753 uonr
775 3701 917 3772 prosensit
930 3700 966 3755 de
979 3701 1051 3756 saint
1068 3702 1180 3758 Sime'on
1192 3700 1295 3777 stylite
1308 3705 1333 3760 le

260 3788 360 3860 jeoue,
383 3789 431 3859 qui
451 3797 565 3840 mourut
582 3803 641 3841 rem
656 3784 708 3859 592
728 3785 796 3840 dans
809 3805 847 3846 un
861 3788 1015 3843 monastdre
1029 3789 1101 3843 situc
1114 3791 1179 3862 pres
1191 3790 1228 3846 de
1246 3790 1281 3846 ll.
1301 3824 1333 3834 -

265 3878 342 3931 Nous
354 3875 466 3930 u’arons
485 3894 523 3948 pu
534 3876 664 3949 jaasqu‘ici
686 3887 797 3930 trouver
811 3896 915 3932 aucuns
933 3879 1170 3951 renseignements
1191 3899 1240 3935 sur
1259 3893 1333 3937 cette

262 3968 366 4036 abbasc
382 3966 418 4021 de
438 3965 638 4020 saint-Nicolas
652 3965 720 4020 daris
735 3967 789 4020 l'ilr
807 3968 841 4021 dc
861 3969 972 4040 (Jlrrprc
987 3987 1042 4042 que
1063 3969 1168 4041 signale
1187 3971 1224 4025 ici
1251 3983 1333 4027 uotae

259 4068 367 4110 usitetur.
380 4054 402 4107 ll
412 4074 428 4126 a·
439 4053 524 4107 csistc
535 4072 572 4106 uu
583 4053 638 4108 lien
650 4060 761 4107 rtnnmu'·
773 4074 819 4111 sur
830 4057 868 4109 les
877 4065 965 4111 cartes
975 4056 1189 4125 Sciat-Nicolas,
1201 4070 1230 4114 et
1241 4061 1331 4116 witin

260 4148 298 4201 stu
312 4164 362 4218 cap
372 4143 561 4212 saint-Andre
571 4145 642 4201 situc'
651 4149 667 4199 ὲ
676 4142 700 4200 la
715 4149 809 4218 points*
823 4146 1036 4219 septentrionale
1045 4147 1080 4202 de
1089 4147 1153 4203 ltte.
