2768 5094
152 369 213 427 eoo
423 360 609 437 numan
633 359 941 424 eccamusncs.
1129 359 1219 434 [sors¹

139 497 260 574 -suut,
283 479 423 581 indigni
449 436 665 579 poitiliestu
686 493 839 579 propter
856 477 1099 552 criminosam
1125 476 1222 547 vitan

151 617 189 675 et
212 624 310 672 curse
331 595 522 697 pastoralis
547 596 741 670 inscitiam.
771 594 970 669 Constituti
996 607 1090 666 sunt
1115 608 1224 665 ants·

152 711 366 790 nominandi
395 712 565 812 praesules
589 711 793 786 Normanni
823 709 898 787 duo
919 709 1011 808 regii
1035 706 1224 807 capellani,

152 827 411 908 Gualcbelinus
437 828 716 903 Guentanorum
731 882 743 917 ,
782 843 819 901 et
852 824 1012 901 Tbomas
1044 822 1228 899 Ebosnoo·

152 977 236 1022 rum
249 950 332 1046 (1):
354 974 446 1021 unus
465 948 501 1019 in
520 948 603 1020 loco
620 946 796 1044 depositi,
819 945 911 1019 alter
924 942 1117 1029 defunnti3
1138 957 1229 1015 uter·

152 1091 225 1165 que
252 1061 429 1164 prudens,
458 1062 587 1162 plenus
615 1060 889 1135 mansuetudine
919 1075 957 1133 et
984 1056 1229 1143 humanitate.

154 1178 367 1256 venerabilis
389 1195 426 1257 et
447 1178 611 1257 amabilis
636 1176 870 1265 hominibus,
896 1202 1025 1252 verens
1048 1191 1090 1251 et
1114 1199 1230 1247 amans

155 1297 273 1370 Deum
293 1294 512 1370 medullitus.
540 1296 631 1366 ltem
653 1293 713 1365 alii
732 1292 915 1394 subrogati
935 1306 1044 1379 sunt,
1076 1288 1229 1365 uadum

157 1440 200 1487 ex
219 1411 534 1505 Gallia5litterati‚
553 1410 711 1484 decorati
725 1408 904 1498 moribus,
920 1435 961 1483 sc
973 1407 1132 1486 studiosi
1144 1406 1232 1481 diri·

158 1554 295 1603 nornm
312 1544 503 1602 amatores,
1131 1547 1135 1557 ·

209 1645 437 1721 Multimodae
455 1645 652 1727 honestatis
664 1644 787 1719 studio
800 1647 839 1719 in
857 1645 981 1717 multis
996 1669 1062 1717 rex
1083 1640 1232 1716 Guillel-

161 1791 241 1839 mus
263 1762 450 1839 laudabilis
476 1765 627 1851 claruit,
652 1766 878 1866 maximeque
902 1764 939 1837 in
965 1762 1147 1835 ministris
1174 1760 1232 1832 ssei

161 1907 285 1956 veram
312 1880 525 1980 religionem
544 1883 625 1978 (cni
656 1908 723 1980 pax
747 1880 932 1956 interdum
956 1896 993 1954 et
1015 1879 1234 1979 prosperitas

63 2025 69 2034 ·
162 1999 289 2071 mundi
301 1997 515 2097 famulatur)
530 2026 672 2099 semper
683 2001 829 2073 amarit.
844 2000 922 2073 lloc
937 1997 1032 2070 sans
1044 1996 1235 2097 multiplex

162 2117 381 2208 adtestatur,
400 2116 468 2192 hoc
485 2144 638 2216 operum
663 2116 888 2194 exhibitione
911 2117 1111 2192 certissime
1136 2141 1237 2190 eom·

164 2232 354 2333 probatur.
368 2233 574 2321 Nam,'dum
585 2233 869 2337 pastorquilibet
878 2234 1062 2332 completo
1072 2234 1237 2306 vitaesue

166 2352 325 2425 termino
346 2351 391 2424 de
414 2352 551 2426 mundo
569 2355 759 2452 migraret,
783 2368 818 2427 et
837 2352 990 2427 Ecclesia
1008 2351 1074 2425 Dei
1089 2347 1239 2450 proprio

165 2483 308 2541 rectore
323 2467 464 2539 viduata
481 2469 644 2568 lugeret,
669 2470 845 2544 sollicitus
861 2469 1031 2569 princeps
1046 2464 1241 2567 prudentes

168 2583 302 2681 legatos
315 2583 358 2655 ad
372 2581 538 2656 orbatam
549 2585 699 2658 domum
711 2584 892 2673 mittebat,
906 2610 1105 2686 omnesque
1116 2610 1175 2656 res
1184 2581 1243 2655 Ee

169 2698 362 2805 clesiaepne
377 2728 395 2773 a
414 2699 576 2801 profanis
596 2702 778 2778 tutoribus
791 2704 1072 2802 dissiparentur,
1090 2696 1242 2774 describi

169 2811 335 2888 faciebat.
347 2816 484 2892 Deinde
495 2818 664 2916 praesules
674 2835 710 2892 et
721 2817 880 2907 abbates,
892 2818 1055 2917 aliosque
1068 2817 1246 2914 sapientes

172 2934 396 3010 consiliarios
409 2937 649 3024 eonvocabat,
666 2952 702 3011 et
714 2938 845 3010 eorum‘
855 2935 1009 3010 oonsilio
1022 2934 1105 3035 quis
1118 2932 1247 3007 melior

171 3068 209 3125 et
222 3052 349 3126 utilior
364 3068 437 3126 tam
455 3055 491 3126 in
509 3054 642 3127 divinis
656 3054 764 3130 rebus
779 3080 890 3155 quam
907 3055 944 3125 in
959 3049 1194 3126 saecularibus
1204 3048 1246 3122 ad

173 3168 363 3267 regendam
388 3169 452 3242 Dei
480 3171 630 3244 domum
652 3169 857 3262 videretur,
886 3194 1119 3268 summopere
1145 3166 1246 3242 ine·

172 3283 293 3386 gabat,
317 3289 483 3388 Denique
500 3290 622 3376 illum,
640 3315 750 3389 quem
769 3314 838 3388 pro
856 3289 940 3361 vitm
962 3288 1115 3379 merito,
1135 3303 1175 3360 et
1199 3311 1247 3358 sa·

172 3403 320 3501 pientiae
341 3403 507 3479 doctriua
534 3407 695 3505 provisio
718 3406 920 3506 sapientum
949 3400 1124 3502 eligebat,
1142 3399 1247 3477 beni·

173 3519 276 3594 volus
299 3550 361 3595 rex
385 3523 670 3621 dispensatorem
689 3541 727 3597 et
743 3539 922 3598 rectorem
944 3523 1172 3623 episcopatus
1195 3519 1248 3594 sel

173 3634 328 3710 abbatim
353 3636 606 3712 constituebat.
632 3641 737 3712 Hanc
761 3641 935 3713 nimirum
957 3638 1249 3714 observationem

208 3954 247 4017 (a)
267 3950 404 4017 Tirenus,
424 3952 545 4023 premier
558 3951 597 4004 du
616 3971 697 4018 noni,
720 3957 893 4030 archeveque
906 3953 1025 4020 d’tort,
1045 3952 1203 4027 originali!
1218 3949 1253 4004 ds

174 4038 291 4110 [tapetia.
308 4044 387 4097 Ceste
401 4042 574 4097 nominatior
592 4055 640 4099 eut
654 4044 710 4101 lieu
731 4045 836 4119 lejour
849 4046 884 4102 de
902 4046 930 4103 la
948 4043 1109 4101 Penteebte.
1128 4042 1255 4101 thonas

173 4129 269 4184 n'etait
284 4150 332 4202 pas
344 4131 488 4204 rhapelajn
501 4131 538 4185 du
555 4134 613 4200 roi,
625 4139 695 4193 mais
707 4138 844 4195 chanoioe
856 4137 892 4193 de
903 4136 1022 4210 bayeux.

1015 4834 1280 5021 a
