2768 5094
140 385 298 466 ossis]
493 385 609 448 niues
630 385 822 463 Qusnrus.
1140 396 1202 456 sss

140 501 398 579 ttlsicissdGr
430 500 438 575 Ι
506 528 571 577 um
587 504 706 592 venit;
727 506 770 577 inl
814 531 887 606 rqu
939 505 961 579 ε’
1000 507 1002 576 J
1086 511 1203 585 oviro

140 621 226 694 reris
246 620 385 696 locutio
399 618 521 694 obiter
536 620 621 694 tuis.
641 621 706 694 Ρη
786 637 838 694 tus
855 650 900 696 au
995 651 1014 699 e

140 752 319 837 tompem
335 738 372 811 in
387 734 582 810 venerabili
600 738 680 812 viro
697 736 768 810 divi
846 767 874 839 gi
1049 745 1074 814 u'
1166 771 1202 834 s,

140 854 219 928 stin
234 853 457 954 exponendis
473 855 581 927 sacris
593 854 791 954 Scripturis
862 885 869 928 s
914 872 946 930 st
1008 884 1026 930 s
1122 861 1163 932 st

140 986 326 1072 postquam
339 969 466 1044 insulae
477 969 681 1044 crulandioe
694 970 817 1045 eccles*
874 979 958 1046 [κη’
972 973 1043 1047 kal.
1058 1005 1062 1044 ε

140 1085 413 1176 brisdedicovit,
425 1086 589 1162 eumdem
601 1114 706 1162 servu
814 1093 834 1160 is
878 1091 1007 1191 scipere
1017 1118 1114 1166 sacer
1170 1095 1206 1167 tii

140 1218 284 1278 stemma
306 1203 506 1279 inviolabili
525 1203 697 1280 obedient
760 1232 814 1305 pn
858 1223 945 1308 epto
964 1211 1122 1310 coegit]
1178 1238 1208 1285 n

140 1321 384 1424 rdpnndium
397 1323 670 1424 pontilicissanc
754 1326 1054 1402 sircontrumore
1154 1355 1158 1401 ι

140 1439 261 1514 venire
269 1454 413 1513 coactus
425 1452 491 1512 est.
507 1437 594 1526 Ubi,
608 1437 697 1511 dum
710 1440 939 1540 Wigsridum
952 1442 1102 1517 librariu
1162 1445 1212 1517 si-

140 1552 237 1629 deret
250 1553 379 1655 procul
392 1553 535 1642 sedere,
548 1554 663 1654 coepit
675 1552 777 1629 abeo
792 1556 977 1656 inquirere
989 1557 1034 1632 de
1048 1558 1070 1631 h
1158 1584 1213 1632 nu

140 1671 399 1775 promissione,
417 1697 488 1774 qus
506 1672 611 1745 sociis
630 1672 666 1744 in
687 1672 743 1745 via
758 1675 953 1772 jactaverat
973 1701 1010 1748 se
1028 1701 1078 1749 en
1150 1703 1214 1749 ns-

140 1806 262 1867 turum
288 1806 414 1863 utrum
437 1789 529 1864 idem
553 1816 635 1864 vers
658 1790 841 1889 potiretur
863 1817 909 1864 sn
936 1792 1100 1867 simulata
1127 1793 1216 1869 reli-

140 1910 263 2011 gione.
287 1909 378 1982 Mox
401 1907 462 1981 illc
484 1905 654 1995 erubuit,
677 1905 828 2008 soloque
848 1925 1051 2008 prostratus
1074 1911 1215 1985 veniam

140 2027 245 2127 petiit
260 2041 299 2101 et
313 2023 498 2117 obtinuit,
513 2024 654 2097 cunctis
666 2024 882 2098 mirantibus
896 2026 996 2126 quod
1010 2026 1158 2102 illorum
1176 2029 1215 2102 in

140 2145 194 2220 ris
211 2145 352 2220 locutio
368 2170 433 2244 per
449 2143 619 2243 spiritum
634 2142 715 2216 viro
731 2143 795 2215 Dei
814 2141 930 2217 lucide
949 2159 1024 2217 tots
1042 2146 1213 2244 patuerit.

187 2261 488 2337 Reverentissims
505 2260 656 2361 Egburg
673 2257 869 2348 abbatissa,
889 2259 1023 2335 Aldutli
1048 2263 1101 2360 (r)
1124 2267 1217 2362 regis

140 2380 232 2470 lilio,
252 2407 318 2481 per
335 2380 491 2481 legatum
504 2378 716 2479 suppliciter
733 2393 906 2479 rogante,
924 2376 1122 2453 Gutblacus
1138 2405 1216 2453 ser-

140 2495 1216 2599 oopbegnmplumbeum,etineolinteumudinvolrendum

140 2643 176 2691 se
189 2630 274 2717 post
286 2613 430 2689 obitum
446 2615 620 2714 suscepit;
639 2629 676 2688 et
692 2615 885 2688 sciscitanti
904 2615 985 2716 quis
1004 2615 1117 2691 baeres
1133 2631 1217 2717 post

141 2762 177 2810 se
200 2734 272 2808 loci
298 2732 395 2806 illius
419 2747 530 2820 osset,
562 2730 678 2805 adbuc
707 2759 885 2834 psgsnum
911 2761 984 2808 esse
1012 2735 1213 2834 respondit.

141 2850 250 2946 Quod
267 2851 314 2923 its
333 2849 470 2922 sactum
488 2865 553 2923 est.
574 2848 665 2922 Num
678 2850 793 2938 Cissa,
809 2851 871 2951 qui
894 2866 977 2950 post
993 2876 1075 2923 eum
1096 2851 1214 2927 sedem

140 2975 215 3070 ejus
230 2969 412 3072 possedit,
425 2983 509 3068 post
523 2966 663 3068 aliquot
681 2993 796 3041 annos
814 2968 851 3041 in
870 2967 1056 3040 Britannis
1074 2967 1214 3068 bsptis-

140 3114 242 3162 mum
261 3087 436 3188 percepit.

184 3207 284 3281 Clito
305 3203 541 3293 Edelbuldus,
564 3231 670 3307 quem
697 3203 890 3278 Ceolredus
914 3231 976 3277 rex
1004 3206 1062 3303 (2)
1086 3205 1156 3279 buc
1177 3221 1214 3280 et

140 3322 225 3396 illue
244 3320 347 3395 ntde
365 3318 659 3422 persequebstur,
681 3319 776 3391 inter
792 3316 900 3390 dubis
918 3318 1074 3418 pericula
1091 3321 1212 3393 exina-

140 3440 225 3512 nitis
244 3434 383 3511 viribus
399 3437 471 3509 suis
488 3461 670 3536 suommcp
719 3487 730 3521 ,
750 3433 794 3506 sd
814 3434 933 3506 virum
951 3435 1039 3526 Dei,
1059 3449 1100 3507 ut
1119 3435 1210 3511 sole·

140 3553 218 3644 bet,
247 3555 366 3643 seuit,
395 3569 438 3626 ut
466 3551 529 3626 ubi
555 3550 753 3625 humanum
784 3551 976 3628 consilium
1001 3552 1207 3643 defecisset,

140 3675 304 3750 divinum
319 3671 466 3746 adesset.
485 3670 601 3766 Quem
615 3669 670 3743 bu
702 3694 741 3742 us
757 3667 955 3744 Gutblrcus
972 3668 1101 3744 blande
1118 3695 1209 3744 oon·

141 3792 272 3865 solatus
289 3804 362 3877 est,
388 3789 492 3890 eique
519 3815 585 3888 per
610 3786 786 3885 Spiritum
807 3786 870 3861 Dei
893 3787 1061 3886 promisit
1084 3786 1209 3861 domi·

172 4094 209 4153 is)
231 4082 386 4156 Aldulplse,
404 4083 445 4135 roi
459 4079 628 4152 d'Estsnglie
641 4078 774 4149 (obl-fillo
786 4097 822 4133 oo
835 4077 908 4148 683).

174 4183 212 4230 ts·
230 4172 365 4236 &otoed
381 4172 422 4225 roi
432 4169 467 4226 de
484 4170 586 4225 Mettio
596 4165 748 4243 (709-716).
