<?xml version="1.0" encoding="UTF-8"?>
<!DOCTYPE html PUBLIC "-//W3C//DTD XHTML 1.0 Transitional//EN"
    "http://www.w3.org/TR/xhtml1/DTD/xhtml1-transitional.dtd">
<html xmlns="http://www.w3.org/1999/xhtml" xml:lang="en" lang="en">
 <head>
  <title>
</title>
<meta http-equiv="Content-Type" content="text/html;charset=utf-8" />
  <meta name='ocr-system' content='tesseract 3.04.00' />
  <meta name='ocr-capabilities' content='ocr_page ocr_carea ocr_par ocr_line ocrx_word'/>
</head>
<body>
  <div class='ocr_page' id='page_1' title='image "./ordericivitalis06deligoog/ordericivitalis06deligoog_0363.png"; bbox 0 0 2768 5094; ppageno 0'>
   <div class='ocr_carea' id='block_1_1' title="bbox 278 345 1057 412">
    <p class='ocr_par' dir='ltr' id='par_1_1' title="bbox 278 345 1057 412">
     <span class='ocr_line' id='line_1_1' title="bbox 278 345 1057 412; baseline -0.008 0"><span class='ocrx_word' id='word_1_1' title='bbox 278 350 337 412; x_wconf 73' lang='grc'><strong>348</strong></span> <span class='ocrx_word' id='word_1_2' title='bbox 551 346 732 409; x_wconf 74' lang='lat' dir='ltr'>HISTORIA</span> <span class='ocrx_word' id='word_1_3' title='bbox 755 345 1057 409; x_wconf 74' lang='lat' dir='ltr'>ECCLESIASTICA.</span> 
     </span>
    </p>
   </div>
   <div class='ocr_carea' id='block_1_2' title="bbox 207 464 1376 2756">
    <p class='ocr_par' dir='ltr' id='par_1_2' title="bbox 207 464 1376 2756">
     <span class='ocr_line' id='line_1_2' title="bbox 278 464 1341 568; baseline 0.001 -29"><span class='ocrx_word' id='word_1_4' title='bbox 278 484 443 543; x_wconf 85' lang='lat' dir='ltr'><strong>strenuus</strong></span> <span class='ocrx_word' id='word_1_5' title='bbox 460 466 533 539; x_wconf 83' lang='lat' dir='ltr'><strong>dux</strong></span> <span class='ocrx_word' id='word_1_6' title='bbox 555 465 801 542; x_wconf 83' lang='lat' dir='ltr'><strong>Godebertum</strong></span> <span class='ocrx_word' id='word_1_7' title='bbox 816 493 900 543; x_wconf 83' lang='lat' dir='ltr'><strong>ense</strong></span> <span class='ocrx_word' id='word_1_8' title='bbox 914 468 1067 568; x_wconf 72' lang='lat' dir='ltr'><strong>peremit</strong></span> <span class='ocrx_word' id='word_1_9' title='bbox 1077 520 1089 556; x_wconf 92' lang='lat'><strong>,</strong></span> <span class='ocrx_word' id='word_1_10' title='bbox 1107 480 1145 540; x_wconf 90' lang='lat' dir='ltr'><strong>et</strong></span> <span class='ocrx_word' id='word_1_11' title='bbox 1165 464 1341 540; x_wconf 83' lang='lat' dir='ltr'><strong>Bertaritl</strong></span> 
     </span>
     <span class='ocr_line' id='line_1_3' title="bbox 279 583 1342 684; baseline 0 -29"><span class='ocrx_word' id='word_1_12' title='bbox 279 583 436 684; x_wconf 83' lang='lat' dir='ltr'><strong>fugavit,</strong></span> <span class='ocrx_word' id='word_1_13' title='bbox 455 609 653 683; x_wconf 90' lang='lat' dir='ltr'><strong>eorumque</strong></span> <span class='ocrx_word' id='word_1_14' title='bbox 671 606 825 684; x_wconf 80' lang='lat' dir='ltr'><strong>regnum</strong></span> <span class='ocrx_word' id='word_1_15' title='bbox 840 609 924 656; x_wconf 92' lang='lat' dir='ltr'><strong>cum</strong></span> <span class='ocrx_word' id='word_1_16' title='bbox 946 606 1070 659; x_wconf 84' lang='lat' dir='ltr'><strong>sorore</strong></span> <span class='ocrx_word' id='word_1_17' title='bbox 1093 607 1230 658; x_wconf 85' lang='lat' dir='ltr'><strong>eornm</strong></span> <span class='ocrx_word' id='word_1_18' title='bbox 1248 608 1342 655; x_wconf 84' lang='lat' dir='ltr'><strong>aooe·</strong></span> 
     </span>
     <span class='ocr_line' id='line_1_4' title="bbox 279 699 1345 803; baseline 0.001 -30"><span class='ocrx_word' id='word_1_19' title='bbox 279 704 353 800; x_wconf 91' lang='lat' dir='ltr'><strong>pit,</strong></span> <span class='ocrx_word' id='word_1_20' title='bbox 368 717 405 775; x_wconf 86' lang='lat' dir='ltr'><strong>et</strong></span> <span class='ocrx_word' id='word_1_21' title='bbox 417 728 483 801; x_wconf 88' lang='lat' dir='ltr'><strong>per</strong></span> <span class='ocrx_word' id='word_1_22' title='bbox 496 726 535 774; x_wconf 82' lang='lat' dir='ltr'><strong>rx</strong></span> <span class='ocrx_word' id='word_1_23' title='bbox 549 727 662 776; x_wconf 93' lang='lat' dir='ltr'><strong>annos</strong></span> <span class='ocrx_word' id='word_1_24' title='bbox 679 717 848 803; x_wconf 87' lang='lat' dir='ltr'><strong>potenter</strong></span> <span class='ocrx_word' id='word_1_25' title='bbox 860 718 897 776; x_wconf 91' lang='lat' dir='ltr'><strong>et</strong></span> <span class='ocrx_word' id='word_1_26' title='bbox 909 703 1049 776; x_wconf 76' lang='lat' dir='ltr'><strong>utiliter</strong></span> <span class='ocrx_word' id='word_1_27' title='bbox 1067 700 1253 775; x_wconf 84' lang='lat' dir='ltr'><strong>obtinuit.</strong></span> <span class='ocrx_word' id='word_1_28' title='bbox 1269 699 1345 792; x_wconf 83' lang='lat' dir='ltr'><strong>Quo</strong></span> 
     </span>
     <span class='ocr_line' id='line_1_5' title="bbox 280 814 1345 918; baseline -0.001 -29"><span class='ocrx_word' id='word_1_29' title='bbox 280 832 428 891; x_wconf 88' lang='lat' dir='ltr'><strong>mortuo</strong></span> <span class='ocrx_word' id='word_1_30' title='bbox 457 815 637 890; x_wconf 87' lang='lat' dir='ltr'><strong>Bertaritb</strong></span> <span class='ocrx_word' id='word_1_31' title='bbox 676 840 769 889; x_wconf 82' lang='lat' dir='ltr'><strong>xvtn</strong></span> <span class='ocrx_word' id='word_1_32' title='bbox 806 817 909 889; x_wconf 82' lang='lat' dir='ltr'><strong>annis</strong></span> <span class='ocrx_word' id='word_1_33' title='bbox 944 816 1108 918; x_wconf 78' lang='lat' dir='ltr'><strong>regmvit</strong></span> <span class='ocrx_word' id='word_1_34' title='bbox 1119 869 1132 905; x_wconf 95' lang='lat'><strong>,</strong></span> <span class='ocrx_word' id='word_1_35' title='bbox 1166 830 1209 890; x_wconf 88' lang='lat' dir='ltr'><strong>et</strong></span> <span class='ocrx_word' id='word_1_36' title='bbox 1238 814 1345 888; x_wconf 79' lang='lat' dir='ltr'><strong>cont-</strong></span> 
     </span>
     <span class='ocr_line' id='line_1_6' title="bbox 278 930 1346 1033; baseline -0.001 -29"><span class='ocrx_word' id='word_1_37' title='bbox 278 948 422 1030; x_wconf 91' lang='lat' dir='ltr'><strong>pertom</strong></span> <span class='ocrx_word' id='word_1_38' title='bbox 439 932 555 1006; x_wconf 89' lang='lat' dir='ltr'><strong>filium</strong></span> <span class='ocrx_word' id='word_1_39' title='bbox 572 959 676 1005; x_wconf 88' lang='lat' dir='ltr'><strong>suum</strong></span> <span class='ocrx_word' id='word_1_40' title='bbox 701 933 717 1030; x_wconf 94' lang='lat'>(</span> <span class='ocrx_word' id='word_1_41' title='bbox 726 958 833 1033; x_wconf 87' lang='lat' dir='ltr'><strong>quem</strong></span> <span class='ocrx_word' id='word_1_42' title='bbox 848 932 893 1005; x_wconf 88' lang='lat' dir='ltr'><strong>de</strong></span> <span class='ocrx_word' id='word_1_43' title='bbox 910 931 1108 1006; x_wconf 87' lang='lat' dir='ltr'><strong>llodelinda</strong></span> <span class='ocrx_word' id='word_1_44' title='bbox 1125 930 1257 1033; x_wconf 79' lang='lat' dir='ltr'><strong>rogim</strong></span> <span class='ocrx_word' id='word_1_45' title='bbox 1273 957 1346 1003; x_wconf 81' lang='lat' dir='ltr'><strong>nn·</strong></span> 
     </span>
     <span class='ocr_line' id='line_1_7' title="bbox 279 1046 1345 1150; baseline 0.002 -29"><span class='ocrx_word' id='word_1_46' title='bbox 279 1051 445 1149; x_wconf 83' lang='lat' dir='ltr'>ceperat)</span> <span class='ocrx_word' id='word_1_47' title='bbox 465 1065 671 1124; x_wconf 82' lang='lat' dir='ltr'><strong>consortem</strong></span> <span class='ocrx_word' id='word_1_48' title='bbox 688 1051 791 1150; x_wconf 88' lang='lat' dir='ltr'><strong>regni</strong></span> <span class='ocrx_word' id='word_1_49' title='bbox 808 1049 1010 1124; x_wconf 86' lang='lat' dir='ltr'><strong>constituit.</strong></span> <span class='ocrx_word' id='word_1_50' title='bbox 1029 1046 1153 1123; x_wconf 83' lang='lat' dir='ltr'><strong>Ambo</strong></span> <span class='ocrx_word' id='word_1_51' title='bbox 1170 1062 1345 1123; x_wconf 69' lang='lat' dir='ltr'><strong>amatore</strong></span> 
     </span>
     <span class='ocr_line' id='line_1_8' title="bbox 274 1163 1345 1267; baseline -0.001 -29"><span class='ocrx_word' id='word_1_52' title='bbox 274 1167 424 1264; x_wconf 83' lang='lat' dir='ltr'><strong>justitiae</strong></span> <span class='ocrx_word' id='word_1_53' title='bbox 440 1166 606 1256; x_wconf 84' lang='lat' dir='ltr'><strong>fuerunt,</strong></span> <span class='ocrx_word' id='word_1_54' title='bbox 621 1167 758 1267; x_wconf 82' lang='lat' dir='ltr'><strong>lleique</strong></span> <span class='ocrx_word' id='word_1_55' title='bbox 774 1183 811 1240; x_wconf 88' lang='lat' dir='ltr'><strong>et</strong></span> <span class='ocrx_word' id='word_1_56' title='bbox 826 1167 900 1265; x_wconf 85' lang='lat' dir='ltr'><strong>ejus</strong></span> <span class='ocrx_word' id='word_1_57' title='bbox 913 1165 1083 1238; x_wconf 76' lang='lat' dir='ltr'><strong>Ecclesiae</strong></span> <span class='ocrx_word' id='word_1_58' title='bbox 1093 1164 1262 1239; x_wconf 80' lang='lat' dir='ltr'><strong>benivoli</strong></span> <span class='ocrx_word' id='word_1_59' title='bbox 1278 1163 1345 1237; x_wconf 76' lang='lat' dir='ltr'><strong>cal·</strong></span> 
     </span>
     <span class='ocr_line' id='line_1_9' title="bbox 279 1278 1344 1382; baseline 0 -29"><span class='ocrx_word' id='word_1_60' title='bbox 279 1297 398 1370; x_wconf 87' lang='lat' dir='ltr'><strong>tores,</strong></span> <span class='ocrx_word' id='word_1_61' title='bbox 423 1308 691 1382; x_wconf 86' lang='lat' dir='ltr'><strong>pauperumque</strong></span> <span class='ocrx_word' id='word_1_62' title='bbox 711 1281 914 1356; x_wconf 68' lang='lat' dir='ltr'><strong>defensore</strong></span> <span class='ocrx_word' id='word_1_63' title='bbox 936 1284 1144 1381; x_wconf 84' lang='lat' dir='ltr'><strong>viguerunt.</strong></span> <span class='ocrx_word' id='word_1_64' title='bbox 1164 1278 1344 1354; x_wconf 74' lang='lat' dir='ltr'><strong>Alacberis</strong></span> 
     </span>
     <span class='ocr_line' id='line_1_10' title="bbox 279 1396 1343 1496; baseline 0.002 -28"><span class='ocrx_word' id='word_1_65' title='bbox 279 1397 467 1470; x_wconf 85' lang='lat' dir='ltr'><strong>Brixianus</strong></span> <span class='ocrx_word' id='word_1_66' title='bbox 483 1398 556 1470; x_wconf 87' lang='lat' dir='ltr'><strong>dux</strong></span> <span class='ocrx_word' id='word_1_67' title='bbox 573 1413 698 1473; x_wconf 86' lang='lat' dir='ltr'><strong>contra</strong></span> <span class='ocrx_word' id='word_1_68' title='bbox 716 1423 777 1472; x_wconf 87' lang='lat' dir='ltr'><strong>eos</strong></span> <span class='ocrx_word' id='word_1_69' title='bbox 792 1397 999 1484; x_wconf 77' lang='lat' dir='ltr'><strong>rebellavit,</strong></span> <span class='ocrx_word' id='word_1_70' title='bbox 1019 1413 1211 1496; x_wconf 84' lang='lat' dir='ltr'><strong>totamque</strong></span> <span class='ocrx_word' id='word_1_71' title='bbox 1227 1396 1343 1496; x_wconf 86' lang='lat' dir='ltr'><strong>regio·</strong></span> 
     </span>
     <span class='ocr_line' id='line_1_11' title="bbox 280 1511 1344 1615; baseline 0.001 -31"><span class='ocrx_word' id='word_1_72' title='bbox 280 1538 364 1585; x_wconf 87' lang='lat' dir='ltr'><strong>nem</strong></span> <span class='ocrx_word' id='word_1_73' title='bbox 385 1513 569 1588; x_wconf 77' lang='lat' dir='ltr'><strong>multoties</strong></span> <span class='ocrx_word' id='word_1_74' title='bbox 590 1512 723 1615; x_wconf 87' lang='lat' dir='ltr'><strong>diuque</strong></span> <span class='ocrx_word' id='word_1_75' title='bbox 741 1511 990 1614; x_wconf 80' lang='lat' dir='ltr'><strong>perturbavit,</strong></span> <span class='ocrx_word' id='word_1_76' title='bbox 1011 1513 1127 1586; x_wconf 89' lang='lat' dir='ltr'><strong>donec</strong></span> <span class='ocrx_word' id='word_1_77' title='bbox 1145 1513 1344 1612; x_wconf 72' lang='lat' dir='ltr'><strong>Gunipeto</strong></span> 
     </span>
     <span class='ocr_line' id='line_1_12' title="bbox 280 1624 1344 1730; baseline 0 -29"><span class='ocrx_word' id='word_1_78' title='bbox 280 1643 461 1728; x_wconf 85' lang='lat' dir='ltr'><strong>pugnante</strong></span> <span class='ocrx_word' id='word_1_79' title='bbox 470 1645 691 1728; x_wconf 87' lang='lat' dir='ltr'><strong>peremptus,</strong></span> <span class='ocrx_word' id='word_1_80' title='bbox 701 1629 888 1730; x_wconf 84' lang='lat' dir='ltr'><strong>malignari</strong></span> <span class='ocrx_word' id='word_1_81' title='bbox 897 1627 1015 1702; x_wconf 82' lang='lat' dir='ltr'><strong>desiit.</strong></span> <span class='ocrx_word' id='word_1_82' title='bbox 1025 1624 1168 1726; x_wconf 74' lang='lat' dir='ltr'><strong>Agatho</strong></span> <span class='ocrx_word' id='word_1_83' title='bbox 1176 1651 1344 1727; x_wconf 80' lang='lat' dir='ltr'><strong>papa,ro</strong></span> 
     </span>
     <span class='ocr_line' id='line_1_13' title="bbox 279 1745 1342 1845; baseline 0.003 -30"><span class='ocrx_word' id='word_1_84' title='bbox 279 1760 363 1842; x_wconf 82' lang='lat' dir='ltr'><strong>gato</strong></span> <span class='ocrx_word' id='word_1_85' title='bbox 379 1745 622 1835; x_wconf 77' lang='lat' dir='ltr'><strong>Constantini,</strong></span> <span class='ocrx_word' id='word_1_86' title='bbox 637 1747 790 1820; x_wconf 85' lang='lat' dir='ltr'><strong>Heraclii</strong></span> <span class='ocrx_word' id='word_1_87' title='bbox 803 1759 841 1819; x_wconf 91' lang='lat' dir='ltr'><strong>et</strong></span> <span class='ocrx_word' id='word_1_88' title='bbox 852 1745 990 1819; x_wconf 83' lang='lat' dir='ltr'><strong>Tiberii</strong></span> <span class='ocrx_word' id='word_1_89' title='bbox 1004 1745 1217 1845; x_wconf 87' lang='lat' dir='ltr'><strong>principum</strong></span> <span class='ocrx_word' id='word_1_90' title='bbox 1229 1745 1342 1844; x_wconf 85' lang='lat' dir='ltr'><strong>piissi-</strong></span> 
     </span>
     <span class='ocr_line' id='line_1_14' title="bbox 207 1860 1342 1963; baseline 0.004 -30"><span class='ocrx_word' id='word_1_91' title='bbox 207 1901 210 1908; x_wconf 66' lang='lat'>=</span> <span class='ocrx_word' id='word_1_92' title='bbox 279 1887 437 1952; x_wconf 86' lang='lat' dir='ltr'><strong>morum,</strong></span> <span class='ocrx_word' id='word_1_93' title='bbox 456 1862 659 1938; x_wconf 85' lang='lat' dir='ltr'><strong>Jobaonem</strong></span> <span class='ocrx_word' id='word_1_94' title='bbox 679 1865 914 1938; x_wconf 87' lang='lat' dir='ltr'><strong>Portueusem</strong></span> <span class='ocrx_word' id='word_1_95' title='bbox 932 1863 1141 1963; x_wconf 90' lang='lat' dir='ltr'><strong>episcopum</strong></span> <span class='ocrx_word' id='word_1_96' title='bbox 1158 1877 1198 1936; x_wconf 91' lang='lat' dir='ltr'><strong>et</strong></span> <span class='ocrx_word' id='word_1_97' title='bbox 1215 1860 1342 1937; x_wconf 79' lang='lat' dir='ltr'><strong>Jobao·</strong></span> 
     </span>
     <span class='ocr_line' id='line_1_15' title="bbox 280 1978 1376 2082; baseline 0.001 -30"><span class='ocrx_word' id='word_1_98' title='bbox 280 2005 363 2053; x_wconf 90' lang='lat' dir='ltr'><strong>nem</strong></span> <span class='ocrx_word' id='word_1_99' title='bbox 372 1978 577 2068; x_wconf 89' lang='lat' dir='ltr'><strong>diaconum,</strong></span> <span class='ocrx_word' id='word_1_100' title='bbox 593 1981 753 2082; x_wconf 83' lang='lat' dir='ltr'><strong>aliosque</strong></span> <span class='ocrx_word' id='word_1_101' title='bbox 764 1980 896 2080; x_wconf 87' lang='lat' dir='ltr'><strong>legatos</strong></span> <span class='ocrx_word' id='word_1_102' title='bbox 904 1996 1036 2052; x_wconf 81' lang='lat' dir='ltr'><strong>sanctae</strong></span> <span class='ocrx_word' id='word_1_103' title='bbox 1048 1979 1224 2053; x_wconf 80' lang='lat' dir='ltr'><strong>Romanae</strong></span> <span class='ocrx_word' id='word_1_104' title='bbox 1236 1978 1340 2053; x_wconf 79' lang='lat' dir='ltr'><strong>eccle·</strong></span> <span class='ocrx_word' id='word_1_105' title='bbox 1374 1990 1376 2017; x_wconf 86' lang='lat'><strong>¹</strong></span> 
     </span>
     <span class='ocr_line' id='line_1_16' title="bbox 279 2095 1341 2198; baseline 0.001 -31"><span class='ocrx_word' id='word_1_106' title='bbox 279 2098 340 2170; x_wconf 87' lang='lat' dir='ltr'><strong>siae</strong></span> <span class='ocrx_word' id='word_1_107' title='bbox 357 2098 712 2198; x_wconf 80' lang='lat' dir='ltr'><strong>Constantinopolim</strong></span> <span class='ocrx_word' id='word_1_108' title='bbox 725 2098 841 2186; x_wconf 90' lang='lat' dir='ltr'><strong>misit,</strong></span> <span class='ocrx_word' id='word_1_109' title='bbox 856 2095 978 2196; x_wconf 89' lang='lat' dir='ltr'><strong>ibique</strong></span> <span class='ocrx_word' id='word_1_110' title='bbox 993 2121 1133 2196; x_wconf 79' lang='lat' dir='ltr'><strong>percos</strong></span> <span class='ocrx_word' id='word_1_111' title='bbox 1149 2096 1341 2169; x_wconf 87' lang='lat' dir='ltr'><strong>concilium</strong></span> 
     </span>
     <span class='ocr_line' id='line_1_17' title="bbox 280 2212 1340 2316; baseline 0.002 -32"><span class='ocrx_word' id='word_1_112' title='bbox 280 2217 587 2316; x_wconf 73' lang='lat' dir='ltr'><strong>coepiscoporum</strong></span> <span class='ocrx_word' id='word_1_113' title='bbox 611 2231 737 2289; x_wconf 87' lang='lat' dir='ltr'><strong>contra</strong></span> <span class='ocrx_word' id='word_1_114' title='bbox 754 2214 951 2315; x_wconf 85' lang='lat' dir='ltr'><strong>Georgium</strong></span> <span class='ocrx_word' id='word_1_115' title='bbox 976 2212 1218 2313; x_wconf 76' lang='lat' dir='ltr'><strong>patriarcham</strong></span> <span class='ocrx_word' id='word_1_116' title='bbox 1241 2214 1340 2313; x_wconf 76' lang='lat' dir='ltr'><strong>regie</strong></span> 
     </span>
     <span class='ocr_line' id='line_1_18' title="bbox 280 2327 1341 2430; baseline 0 -26"><span class='ocrx_word' id='word_1_117' title='bbox 280 2330 379 2404; x_wconf 84' lang='lat' dir='ltr'><strong>urbis</strong></span> <span class='ocrx_word' id='word_1_118' title='bbox 409 2349 446 2407; x_wconf 89' lang='lat' dir='ltr'><strong>et</strong></span> <span class='ocrx_word' id='word_1_119' title='bbox 472 2331 693 2405; x_wconf 88' lang='lat' dir='ltr'><strong>Macharium</strong></span> <span class='ocrx_word' id='word_1_120' title='bbox 717 2331 945 2418; x_wconf 83' lang='lat' dir='ltr'><strong>Antiochiae,</strong></span> <span class='ocrx_word' id='word_1_121' title='bbox 972 2330 1131 2430; x_wconf 85' lang='lat' dir='ltr'><strong>aliosque</strong></span> <span class='ocrx_word' id='word_1_122' title='bbox 1156 2327 1341 2405; x_wconf 80' lang='lat' dir='ltr'><strong>boeretioos</strong></span> 
     </span>
     <span class='ocr_line' id='line_1_19' title="bbox 280 2447 1340 2547; baseline 0 -26"><span class='ocrx_word' id='word_1_123' title='bbox 280 2451 408 2521; x_wconf 89' lang='lat' dir='ltr'><strong>tenuit.</strong></span> <span class='ocrx_word' id='word_1_124' title='bbox 438 2450 560 2523; x_wconf 83' lang='lat' dir='ltr'><strong>Finito</strong></span> <span class='ocrx_word' id='word_1_125' title='bbox 587 2447 760 2523; x_wconf 86' lang='lat' dir='ltr'><strong>conflictu</strong></span> <span class='ocrx_word' id='word_1_126' title='bbox 787 2447 963 2547; x_wconf 83' lang='lat' dir='ltr'><strong>Georgius</strong></span> <span class='ocrx_word' id='word_1_127' title='bbox 991 2461 1174 2523; x_wconf 88' lang='lat' dir='ltr'><strong>correctus</strong></span> <span class='ocrx_word' id='word_1_128' title='bbox 1204 2464 1284 2537; x_wconf 83' lang='lat' dir='ltr'><strong>est,</strong></span> <span class='ocrx_word' id='word_1_129' title='bbox 1307 2461 1340 2521; x_wconf 86' lang='lat' dir='ltr'><strong>et</strong></span> 
     </span>
     <span class='ocr_line' id='line_1_20' title="bbox 279 2563 1340 2665; baseline 0.005 -29"><span class='ocrx_word' id='word_1_130' title='bbox 279 2567 443 2662; x_wconf 83' lang='lat' dir='ltr'><strong>pertinax</strong></span> <span class='ocrx_word' id='word_1_131' title='bbox 468 2565 666 2640; x_wconf 81' lang='lat' dir='ltr'><strong>Macbarius</strong></span> <span class='ocrx_word' id='word_1_132' title='bbox 684 2593 766 2640; x_wconf 89' lang='lat' dir='ltr'><strong>cum</strong></span> <span class='ocrx_word' id='word_1_133' title='bbox 784 2567 856 2638; x_wconf 86' lang='lat' dir='ltr'><strong>suis</strong></span> <span class='ocrx_word' id='word_1_134' title='bbox 879 2563 1114 2665; x_wconf 88' lang='lat' dir='ltr'><strong>complicibus</strong></span> <span class='ocrx_word' id='word_1_135' title='bbox 1132 2564 1340 2641; x_wconf 75' lang='lat' dir='ltr'><strong>anathema·</strong></span> 
     </span>
     <span class='ocr_line' id='line_1_21' title="bbox 281 2698 489 2756; baseline 0.01 -4"><span class='ocrx_word' id='word_1_136' title='bbox 281 2698 406 2754; x_wconf 81' lang='lat' dir='ltr'><strong>tizatus</strong></span> <span class='ocrx_word' id='word_1_137' title='bbox 425 2700 489 2756; x_wconf 86' lang='lat' dir='ltr'><strong>est.</strong></span> 
     </span>
    </p>
   </div>
   <div class='ocr_carea' id='block_1_3' title="bbox 282 2892 1165 3056">
    <p class='ocr_par' dir='ltr' id='par_1_3' title="bbox 282 2892 1165 3056">
     <span class='ocr_line' id='line_1_22' title="bbox 282 2892 1165 2969; baseline 0.001 -26"><span class='ocrx_word' id='word_1_138' title='bbox 282 2909 324 2944; x_wconf 76' lang='lat' dir='ltr'><strong>ur.</strong></span> <span class='ocrx_word' id='word_1_139' title='bbox 416 2893 538 2966; x_wconf 79' lang='lat' dir='ltr'><strong>Inclytus</strong></span> <span class='ocrx_word' id='word_1_140' title='bbox 552 2895 722 2960; x_wconf 65' lang='lat' dir='ltr'><strong>Animum,</strong></span> <span class='ocrx_word' id='word_1_141' title='bbox 734 2894 880 2969; x_wconf 80' lang='lat' dir='ltr'><strong>probitatis</strong></span> <span class='ocrx_word' id='word_1_142' title='bbox 892 2892 1013 2948; x_wconf 89' lang='lat' dir='ltr'><strong>culmine</strong></span> <span class='ocrx_word' id='word_1_143' title='bbox 1025 2901 1165 2965; x_wconf 84' lang='lat' dir='ltr'><strong>comptus,</strong></span> 
     </span>
     <span class='ocr_line' id='line_1_23' title="bbox 420 2980 1089 3056; baseline -0.007 -19"><span class='ocrx_word' id='word_1_144' title='bbox 420 2981 566 3037; x_wconf 76' lang='lat' dir='ltr'><strong>chesiam</strong></span> <span class='ocrx_word' id='word_1_145' title='bbox 579 2983 664 3050; x_wconf 86' lang='lat' dir='ltr'><strong>rexit,</strong></span> <span class='ocrx_word' id='word_1_146' title='bbox 677 3002 760 3056; x_wconf 83' lang='lat' dir='ltr'><strong>quam</strong></span> <span class='ocrx_word' id='word_1_147' title='bbox 774 2993 865 3038; x_wconf 84' lang='lat' dir='ltr'><strong>sancte</strong></span> <span class='ocrx_word' id='word_1_148' title='bbox 875 2980 1050 3050; x_wconf 77' lang='lat' dir='ltr'><strong>nobilitavit(</strong></span> <span class='ocrx_word' id='word_1_149' title='bbox 1055 2981 1089 3050; x_wconf 82' lang='grc' dir='ltr'><strong>ι).</strong></span> 
     </span>
    </p>
   </div>
   <div class='ocr_carea' id='block_1_4' title="bbox 279 3173 1342 3512">
    <p class='ocr_par' dir='ltr' id='par_1_4' title="bbox 279 3173 1342 3512">
     <span class='ocr_line' id='line_1_24' title="bbox 281 3173 1340 3277; baseline -0.003 -27"><span class='ocrx_word' id='word_1_150' title='bbox 281 3179 347 3250; x_wconf 87' lang='lat' dir='ltr'><strong>llic</strong></span> <span class='ocrx_word' id='word_1_151' title='bbox 364 3203 457 3250; x_wconf 80' lang='lat' dir='ltr'><strong>xvrn</strong></span> <span class='ocrx_word' id='word_1_152' title='bbox 469 3179 586 3263; x_wconf 85' lang='lat' dir='ltr'><strong>annis,</strong></span> <span class='ocrx_word' id='word_1_153' title='bbox 607 3191 770 3277; x_wconf 88' lang='lat' dir='ltr'><strong>tempore</strong></span> <span class='ocrx_word' id='word_1_154' title='bbox 781 3178 925 3264; x_wconf 87' lang='lat' dir='ltr'><strong>Leonis,</strong></span> <span class='ocrx_word' id='word_1_155' title='bbox 941 3173 1137 3261; x_wconf 86' lang='lat' dir='ltr'><strong>Benedicti,</strong></span> <span class='ocrx_word' id='word_1_156' title='bbox 1152 3173 1340 3260; x_wconf 81' lang='lat' dir='ltr'><strong>lobannis,</strong></span> 
     </span>
     <span class='ocr_line' id='line_1_25' title="bbox 279 3293 1342 3396; baseline -0.004 -30"><span class='ocrx_word' id='word_1_157' title='bbox 279 3296 438 3370; x_wconf 85' lang='lat' dir='ltr'><strong>Cononis</strong></span> <span class='ocrx_word' id='word_1_158' title='bbox 454 3312 491 3369; x_wconf 89' lang='lat' dir='ltr'><strong>et</strong></span> <span class='ocrx_word' id='word_1_159' title='bbox 506 3295 618 3396; x_wconf 85' lang='lat' dir='ltr'><strong>Sergii</strong></span> <span class='ocrx_word' id='word_1_160' title='bbox 639 3322 825 3395; x_wconf 88' lang='lat' dir='ltr'><strong>paparum,</strong></span> <span class='ocrx_word' id='word_1_161' title='bbox 840 3294 907 3368; x_wconf 86' lang='lat' dir='ltr'><strong>sub</strong></span> <span class='ocrx_word' id='word_1_162' title='bbox 924 3295 1165 3369; x_wconf 85' lang='lat' dir='ltr'><strong>Constantino</strong></span> <span class='ocrx_word' id='word_1_163' title='bbox 1180 3309 1218 3366; x_wconf 92' lang='lat' dir='ltr'><strong>et</strong></span> <span class='ocrx_word' id='word_1_164' title='bbox 1233 3293 1342 3365; x_wconf 85' lang='lat' dir='ltr'><strong>Justi·</strong></span> 
     </span>
     <span class='ocr_line' id='line_1_26' title="bbox 280 3405 1341 3512; baseline -0.004 -28"><span class='ocrx_word' id='word_1_165' title='bbox 280 3411 544 3512; x_wconf 85' lang='lat' dir='ltr'><strong>nianojuniore</strong></span> <span class='ocrx_word' id='word_1_166' title='bbox 556 3412 698 3486; x_wconf 88' lang='lat' dir='ltr'><strong>claruit.</strong></span> <span class='ocrx_word' id='word_1_167' title='bbox 710 3414 817 3486; x_wconf 83' lang='lat' dir='ltr'><strong>Tunc</strong></span> <span class='ocrx_word' id='word_1_168' title='bbox 829 3413 866 3483; x_wconf 91' lang='lat' dir='ltr'><strong>in</strong></span> <span class='ocrx_word' id='word_1_169' title='bbox 878 3410 993 3484; x_wconf 88' lang='lat' dir='ltr'><strong>Gallia</strong></span> <span class='ocrx_word' id='word_1_170' title='bbox 1006 3407 1210 3496; x_wconf 79' lang='lat' dir='ltr'><strong>lotharius,</strong></span> <span class='ocrx_word' id='word_1_171' title='bbox 1223 3405 1341 3481; x_wconf 80' lang='lat' dir='ltr'><strong>Tbco-</strong></span> 
     </span>
    </p>
   </div>
   <div class='ocr_carea' id='block_1_5' title="bbox 279 3521 1341 3749">
    <p class='ocr_par' dir='ltr' id='par_1_5' title="bbox 279 3521 1341 3749">
     <span class='ocr_line' id='line_1_27' title="bbox 279 3521 1340 3627; baseline -0.001 -29"><span class='ocrx_word' id='word_1_172' title='bbox 279 3528 417 3602; x_wconf 78' lang='lat' dir='ltr'><strong>‹lei-icus</strong></span> <span class='ocrx_word' id='word_1_173' title='bbox 433 3546 470 3602; x_wconf 88' lang='lat' dir='ltr'><strong>et</strong></span> <span class='ocrx_word' id='word_1_174' title='bbox 487 3529 686 3603; x_wconf 87' lang='lat' dir='ltr'><strong>Hildericus</strong></span> <span class='ocrx_word' id='word_1_175' title='bbox 706 3543 966 3627; x_wconf 85' lang='lat' dir='ltr'><strong>regnaverunt,</strong></span> <span class='ocrx_word' id='word_1_176' title='bbox 990 3541 1027 3598; x_wconf 90' lang='lat' dir='ltr'><strong>et</strong></span> <span class='ocrx_word' id='word_1_177' title='bbox 1042 3528 1258 3625; x_wconf 73' lang='lat' dir='ltr'><strong>maioratum</strong></span> <span class='ocrx_word' id='word_1_178' title='bbox 1273 3521 1340 3597; x_wconf 86' lang='lat' dir='ltr'><strong>do·</strong></span> 
     </span>
     <span class='ocr_line' id='line_1_28' title="bbox 279 3643 1341 3749; baseline -0.004 -32"><span class='ocrx_word' id='word_1_179' title='bbox 279 3673 358 3719; x_wconf 86' lang='lat' dir='ltr'><strong>mus</strong></span> <span class='ocrx_word' id='word_1_180' title='bbox 374 3650 481 3749; x_wconf 86' lang='lat' dir='ltr'><strong>regiae</strong></span> <span class='ocrx_word' id='word_1_181' title='bbox 496 3647 750 3745; x_wconf 77' lang='lat' dir='ltr'><strong>leodegarius,</strong></span> <span class='ocrx_word' id='word_1_182' title='bbox 768 3645 952 3720; x_wconf 86' lang='lat' dir='ltr'><strong>Ebroinus</strong></span> <span class='ocrx_word' id='word_1_183' title='bbox 964 3661 1001 3718; x_wconf 92' lang='lat' dir='ltr'><strong>et</strong></span> <span class='ocrx_word' id='word_1_184' title='bbox 1015 3644 1189 3743; x_wconf 87' lang='lat' dir='ltr'><strong>Pippinus</strong></span> <span class='ocrx_word' id='word_1_185' title='bbox 1204 3643 1341 3741; x_wconf 75' lang='lat' dir='ltr'><strong>primus</strong></span> 
     </span>
    </p>
   </div>
   <div class='ocr_carea' id='block_1_6' title="bbox 280 3762 494 3858">
    <p class='ocr_par' dir='ltr' id='par_1_6' title="bbox 280 3762 494 3858">
     <span class='ocr_line' id='line_1_29' title="bbox 280 3762 494 3858; baseline 0.009 -26"><span class='ocrx_word' id='word_1_186' title='bbox 280 3762 494 3858; x_wconf 77' lang='lat' dir='ltr'><strong>babuerunt.</strong></span> 
     </span>
    </p>
   </div>
   <div class='ocr_carea' id='block_1_7' title="bbox 314 4113 1007 4188">
    <p class='ocr_par' dir='ltr' id='par_1_7' title="bbox 314 4113 1007 4188">
     <span class='ocr_line' id='line_1_30' title="bbox 314 4113 1007 4188; baseline -0.007 -16"><span class='ocrx_word' id='word_1_187' title='bbox 314 4123 350 4172; x_wconf 79' lang='grc' dir='ltr'><strong>.ιὲ</strong></span> <span class='ocrx_word' id='word_1_188' title='bbox 371 4118 448 4171; x_wconf 84' lang='lat' dir='ltr'><strong>Saint</strong></span> <span class='ocrx_word' id='word_1_189' title='bbox 463 4115 579 4172; x_wconf 77' lang='lat' dir='ltr'><strong>Ansbcrt</strong></span> <span class='ocrx_word' id='word_1_190' title='bbox 594 4114 690 4188; x_wconf 45' lang='lat'><strong>(6854,</strong></span> <span class='ocrx_word' id='word_1_191' title='bbox 704 4117 801 4172; x_wconf 70' lang='lat' dir='ltr'><strong>ferrici·</strong></span> <span class='ocrx_word' id='word_1_192' title='bbox 815 4114 866 4188; x_wconf 63' lang='lat' dir='ltr'><strong>fip&#39;t</strong></span> <span class='ocrx_word' id='word_1_193' title='bbox 883 4135 917 4169; x_wconf 88' lang='lat' dir='ltr'><strong>ou</strong></span> <span class='ocrx_word' id='word_1_194' title='bbox 931 4113 1007 4186; x_wconf 59' lang='lat'><strong>695).</strong></span> 
     </span>
    </p>
   </div>
   <div class='ocr_carea' id='block_1_8' title="bbox 0 0 1388 5094">
    <p class='ocr_par' dir='ltr' id='par_1_8' title="bbox 0 0 1388 5094">
     <span class='ocr_line' id='line_1_31' title="bbox 0 0 1388 5094; baseline 0 0"><span class='ocrx_word' id='word_1_195' title='bbox 0 0 1388 5094; x_wconf 95' lang='lat' dir='ltr'><strong> </strong></span> 
     </span>
    </p>
   </div>
  </div>
 </body>
</html>
