<?xml version="1.0" encoding="UTF-8"?>
<!DOCTYPE html PUBLIC "-//W3C//DTD XHTML 1.0 Transitional//EN"
    "http://www.w3.org/TR/xhtml1/DTD/xhtml1-transitional.dtd">
<html xmlns="http://www.w3.org/1999/xhtml" xml:lang="en" lang="en">
 <head>
  <title>
</title>
<meta http-equiv="Content-Type" content="text/html;charset=utf-8" />
  <meta name='ocr-system' content='tesseract 3.04.00' />
  <meta name='ocr-capabilities' content='ocr_page ocr_carea ocr_par ocr_line ocrx_word'/>
</head>
<body>
  <div class='ocr_page' id='page_1' title='image "./ordericivitalis06deligoog/ordericivitalis06deligoog_0454.png"; bbox 0 0 2768 5094; ppageno 0'>
   <div class='ocr_carea' id='block_1_1' title="bbox 18 342 1102 423">
    <p class='ocr_par' dir='ltr' id='par_1_1' title="bbox 18 342 1102 423">
     <span class='ocr_line' id='line_1_1' title="bbox 18 342 1102 423; baseline 0.006 -21"><span class='ocrx_word' id='word_1_1' title='bbox 18 347 130 421; x_wconf 70' lang='grc' dir='ltr'><em>[ωω</em></span> <span class='ocrx_word' id='word_1_2' title='bbox 148 345 240 423; x_wconf 79' lang='lat' dir='ltr'><em>ross]</em></span> <span class='ocrx_word' id='word_1_3' title='bbox 406 342 521 405; x_wconf 73' lang='lat' dir='ltr'><em>umor</em></span> <span class='ocrx_word' id='word_1_4' title='bbox 542 343 724 419; x_wconf 77' lang='lat' dir='ltr'><em>Qunros.</em></span> <span class='ocrx_word' id='word_1_5' title='bbox 1042 348 1102 409; x_wconf 80' lang='lat' dir='ltr'><em>uo</em></span> 
     </span>
    </p>
   </div>
   <div class='ocr_carea' id='block_1_2' title="bbox 20 464 1112 2322">
    <p class='ocr_par' dir='ltr' id='par_1_2' title="bbox 20 464 1112 2322">
     <span class='ocr_line' id='line_1_2' title="bbox 20 464 1102 565; baseline 0.005 -28"><span class='ocrx_word' id='word_1_6' title='bbox 20 466 314 562; x_wconf 71' lang='lat' dir='ltr'><em>generositatem</em></span> <span class='ocrx_word' id='word_1_7' title='bbox 330 480 508 551; x_wconf 81' lang='lat' dir='ltr'><em>uestram,</em></span> <span class='ocrx_word' id='word_1_8' title='bbox 525 464 686 564; x_wconf 76' lang='lat' dir='ltr'><em>glon&#39;ose</em></span> <span class='ocrx_word' id='word_1_9' title='bbox 703 465 845 553; x_wconf 86' lang='lat' dir='ltr'><em>consul,</em></span> <span class='ocrx_word' id='word_1_10' title='bbox 855 464 1019 565; x_wconf 84' lang='lat' dir='ltr'><em>fideliter</em></span> <span class='ocrx_word' id='word_1_11' title='bbox 1036 469 1102 543; x_wconf 79' lang='lat' dir='ltr'><em>ad</em></span> 
     </span>
     <span class='ocr_line' id='line_1_3' title="bbox 24 579 1103 682; baseline 0.004 -29"><span class='ocrx_word' id='word_1_12' title='bbox 24 605 171 653; x_wconf 84' lang='lat' dir='ltr'><em>moneo</em></span> <span class='ocrx_word' id='word_1_13' title='bbox 183 596 236 670; x_wconf 88' lang='lat' dir='ltr'><em>ut,</em></span> <span class='ocrx_word' id='word_1_14' title='bbox 250 579 338 652; x_wconf 90' lang='lat' dir='ltr'><em>dum</em></span> <span class='ocrx_word' id='word_1_15' title='bbox 355 579 450 668; x_wconf 85' lang='lat' dir='ltr'><em>iicet,</em></span> <span class='ocrx_word' id='word_1_16' title='bbox 472 582 510 652; x_wconf 88' lang='lat' dir='ltr'><em>in</em></span> <span class='ocrx_word' id='word_1_17' title='bbox 523 583 696 655; x_wconf 87' lang='lat' dir='ltr'><em>comitatu</em></span> <span class='ocrx_word' id='word_1_18' title='bbox 711 599 826 653; x_wconf 84' lang='lat' dir='ltr'><em>oestro</em></span> <span class='ocrx_word' id='word_1_19' title='bbox 841 583 963 681; x_wconf 89' lang='lat' dir='ltr'><em>(quem</em></span> <span class='ocrx_word' id='word_1_20' title='bbox 974 585 1061 682; x_wconf 79' lang='lat' dir='ltr'><em>jum</em></span> <span class='ocrx_word' id='word_1_21' title='bbox 1077 610 1103 657; x_wconf 92' lang='lat' dir='ltr'><em>a</em></span> 
     </span>
     <span class='ocr_line' id='line_1_4' title="bbox 22 695 1104 797; baseline 0.006 -31"><span class='ocrx_word' id='word_1_22' title='bbox 22 695 209 797; x_wconf 79' lang='lat' dir='ltr'><em>patribus</em></span> <span class='ocrx_word' id='word_1_23' title='bbox 235 721 307 769; x_wconf 93' lang='lat' dir='ltr'><em>non</em></span> <span class='ocrx_word' id='word_1_24' title='bbox 333 713 544 770; x_wconf 85' lang='lat' dir='ltr'><em>consecutus</em></span> <span class='ocrx_word' id='word_1_25' title='bbox 566 725 603 771; x_wconf 84' lang='lat' dir='ltr'><em>es</em></span> <span class='ocrx_word' id='word_1_26' title='bbox 625 698 876 794; x_wconf 75' lang='lat' dir='ltr'><em>hareditario)</em></span> <span class='ocrx_word' id='word_1_27' title='bbox 898 697 1104 773; x_wconf 70' lang='lat' dir='ltr'><em>monachile</em></span> 
     </span>
     <span class='ocr_line' id='line_1_5' title="bbox 29 811 1102 916; baseline 0.006 -33"><span class='ocrx_word' id='word_1_28' title='bbox 29 830 203 887; x_wconf 75' lang='lat' dir='ltr'><em>castrum</em></span> <span class='ocrx_word' id='word_1_29' title='bbox 226 831 352 886; x_wconf 87' lang='lat' dir='ltr'><em>contro</em></span> <span class='ocrx_word' id='word_1_30' title='bbox 375 811 546 887; x_wconf 89' lang='lat' dir='ltr'><em>Satanan</em></span> <span class='ocrx_word' id='word_1_31' title='bbox 568 829 796 887; x_wconf 75' lang='lat' dir='ltr'><strong><em>construatur</em></strong></span> <span class='ocrx_word' id='word_1_32' title='bbox 816 814 918 899; x_wconf 88' lang='lat' dir='ltr'><em>Deo‚·</em></span> <span class='ocrx_word' id='word_1_33' title='bbox 946 815 1006 886; x_wconf 84' lang='lat' dir='ltr'><em>ubi</em></span> <span class='ocrx_word' id='word_1_34' title='bbox 1029 841 1102 916; x_wconf 78' lang='lat' dir='ltr'><em>pn)</em></span> 
     </span>
     <span class='ocr_line' id='line_1_6' title="bbox 30 929 1105 1030; baseline 0.004 -27"><span class='ocrx_word' id='word_1_35' title='bbox 30 932 169 1003; x_wconf 88' lang='lat' dir='ltr'><em>anima</em></span> <span class='ocrx_word' id='word_1_36' title='bbox 194 948 312 1005; x_wconf 83' lang='lat' dir='ltr'><em>vestra</em></span> <span class='ocrx_word' id='word_1_37' title='bbox 337 930 514 1003; x_wconf 76' lang='lat' dir='ltr'><em>cucullati</em></span> <span class='ocrx_word' id='word_1_38' title='bbox 542 930 686 1030; x_wconf 80' lang='lat' dir='ltr'><em>pugiles</em></span> <span class='ocrx_word' id='word_1_39' title='bbox 715 929 909 1004; x_wconf 71' lang='lat' dir='ltr'><em>Belicmotir</em></span> <span class='ocrx_word' id='word_1_40' title='bbox 936 932 1105 1029; x_wconf 66' lang='lat' dir='ltr'><em>corfimtu</em></span> 
     </span>
     <span class='ocr_line' id='line_1_7' title="bbox 33 1044 1105 1147; baseline 0.003 -29"><span class='ocrx_word' id='word_1_41' title='bbox 33 1045 207 1118; x_wconf 74' lang='lat' dir='ltr'><em>resistent</em></span> <span class='ocrx_word' id='word_1_42' title='bbox 230 1046 394 1118; x_wconf 88' lang='lat' dir='ltr'><em>assiduo.</em></span> <span class='ocrx_word' id='word_1_43' title='bbox 425 1046 525 1118; x_wconf 86' lang='lat' dir='ltr'><em>Ecce</em></span> <span class='ocrx_word' id='word_1_44' title='bbox 547 1072 656 1147; x_wconf 86' lang='lat' dir='ltr'><em>super</em></span> <span class='ocrx_word' id='word_1_45' title='bbox 677 1044 820 1119; x_wconf 88' lang='lat' dir='ltr'><em>Malam</em></span> <span class='ocrx_word' id='word_1_46' title='bbox 834 1044 993 1144; x_wconf 81' lang='lat' dir='ltr'><em>flurium</em></span> <span class='ocrx_word' id='word_1_47' title='bbox 1016 1045 1105 1121; x_wconf 76' lang='lat' dir='ltr'><em>milti</em></span> 
     </span>
     <span class='ocr_line' id='line_1_8' title="bbox 35 1160 1106 1262; baseline 0.004 -29"><span class='ocrx_word' id='word_1_48' title='bbox 35 1160 175 1234; x_wconf 86' lang='lat' dir='ltr'><em>domus</em></span> <span class='ocrx_word' id='word_1_49' title='bbox 192 1178 263 1250; x_wconf 87' lang='lat' dir='ltr'><em>est,</em></span> <span class='ocrx_word' id='word_1_50' title='bbox 287 1186 397 1259; x_wconf 90' lang='lat' dir='ltr'><em>quam</em></span> <span class='ocrx_word' id='word_1_51' title='bbox 414 1187 531 1262; x_wconf 80' lang='lat' dir='ltr'><strong><em>nuper</em></strong></span> <span class='ocrx_word' id='word_1_52' title='bbox 545 1161 677 1234; x_wconf 87' lang='lat' dir='ltr'><em>dedisti</em></span> <span class='ocrx_word' id='word_1_53' title='bbox 688 1197 706 1248; x_wconf 91' lang='lat'><em>‚·</em></span> <span class='ocrx_word' id='word_1_54' title='bbox 723 1166 834 1261; x_wconf 75' lang='lat' dir='ltr'><em>juxta</em></span> <span class='ocrx_word' id='word_1_55' title='bbox 856 1189 966 1262; x_wconf 90' lang='lat' dir='ltr'><em>quam</em></span> <span class='ocrx_word' id='word_1_56' title='bbox 991 1164 1106 1258; x_wconf 85' lang='lat' dir='ltr'><em>(sicut</em></span> 
     </span>
     <span class='ocr_line' id='line_1_9' title="bbox 37 1261 1106 1379; baseline 0.006 -33"><span class='ocrx_word' id='word_1_57' title='bbox 37 1301 143 1348; x_wconf 87' lang='lat' dir='ltr'><em>anno</em></span> <span class='ocrx_word' id='word_1_58' title='bbox 169 1261 374 1364; x_wconf 84' lang='lat' dir='ltr'><em>transacto,</em></span> <span class='ocrx_word' id='word_1_59' title='bbox 403 1292 488 1348; x_wconf 90' lang='lat' dir='ltr'><em>ante</em></span> <span class='ocrx_word' id='word_1_60' title='bbox 519 1303 623 1350; x_wconf 85' lang='lat' dir='ltr'><em>aram</em></span> <span class='ocrx_word' id='word_1_61' title='bbox 655 1281 775 1350; x_wconf 88' lang='lat' dir='ltr'><em>sancti</em></span> <span class='ocrx_word' id='word_1_62' title='bbox 803 1279 907 1350; x_wconf 88' lang='lat' dir='ltr'><em>Petri</em></span> <span class='ocrx_word' id='word_1_63' title='bbox 921 1279 1106 1379; x_wconf 75' lang='lat' dir='ltr'><em>principis</em></span> 
     </span>
     <span class='ocr_line' id='line_1_10' title="bbox 41 1390 1107 1494; baseline 0.006 -32"><span class='ocrx_word' id='word_1_64' title='bbox 41 1391 306 1493; x_wconf 81' lang='lat' dir='ltr'><em>apostolorum,</em></span> <span class='ocrx_word' id='word_1_65' title='bbox 325 1392 451 1465; x_wconf 81' lang='lat' dir='ltr'><em>Roma</em></span> <span class='ocrx_word' id='word_1_66' title='bbox 469 1390 702 1492; x_wconf 82' lang='lat' dir='ltr'><em>ootumseci)</em></span> <span class='ocrx_word' id='word_1_67' title='bbox 725 1393 910 1494; x_wconf 87' lang='lat' dir='ltr'><em>lapideam</em></span> <span class='ocrx_word' id='word_1_68' title='bbox 922 1392 1107 1492; x_wconf 74' lang='lat' dir='ltr'><em>adificare</em></span> 
     </span>
     <span class='ocr_line' id='line_1_11' title="bbox 43 1503 1105 1611; baseline 0.003 -32"><span class='ocrx_word' id='word_1_69' title='bbox 43 1509 238 1583; x_wconf 87' lang='lat' dir='ltr'><em>basilicam</em></span> <span class='ocrx_word' id='word_1_70' title='bbox 259 1511 368 1611; x_wconf 88' lang='lat' dir='ltr'><em>coepi.</em></span> <span class='ocrx_word' id='word_1_71' title='bbox 392 1509 598 1583; x_wconf 85' lang='lat' dir='ltr'><em>Basilicam</em></span> <span class='ocrx_word' id='word_1_72' title='bbox 616 1513 758 1609; x_wconf 82' lang='lat' dir='ltr'><em>itaque,</em></span> <span class='ocrx_word' id='word_1_73' title='bbox 785 1503 918 1608; x_wconf 87' lang='lat' dir='ltr'><em>quam,</em></span> <span class='ocrx_word' id='word_1_74' title='bbox 942 1528 982 1583; x_wconf 93' lang='lat' dir='ltr'><em>ut</em></span> <span class='ocrx_word' id='word_1_75' title='bbox 1001 1509 1105 1598; x_wconf 81' lang='lat' dir='ltr'><em>diri,</em></span> 
     </span>
     <span class='ocr_line' id='line_1_12' title="bbox 44 1622 1108 1726; baseline 0.005 -33"><span class='ocrx_word' id='word_1_76' title='bbox 44 1641 174 1724; x_wconf 86' lang='lat' dir='ltr'><em>sponte</em></span> <span class='ocrx_word' id='word_1_77' title='bbox 199 1640 280 1697; x_wconf 81' lang='lat' dir='ltr'><em>voto</em></span> <span class='ocrx_word' id='word_1_78' title='bbox 306 1627 513 1698; x_wconf 82' lang='lat' dir='ltr'><em>constrictus</em></span> <span class='ocrx_word' id='word_1_79' title='bbox 523 1681 535 1714; x_wconf 92' lang='lat'><em>,</em></span> <span class='ocrx_word' id='word_1_80' title='bbox 554 1622 689 1722; x_wconf 85' lang='lat' dir='ltr'><em>facere</em></span> <span class='ocrx_word' id='word_1_81' title='bbox 711 1650 827 1726; x_wconf 84' lang='lat' dir='ltr'><em>nuper</em></span> <span class='ocrx_word' id='word_1_82' title='bbox 849 1626 1008 1714; x_wconf 89' lang='lat' dir='ltr'><em>institui,</em></span> <span class='ocrx_word' id='word_1_83' title='bbox 1032 1624 1108 1698; x_wconf 84' lang='lat' dir='ltr'><em>do-</em></span> 
     </span>
     <span class='ocr_line' id='line_1_13' title="bbox 45 1738 1108 1844; baseline 0.002 -33"><span class='ocrx_word' id='word_1_84' title='bbox 45 1766 215 1840; x_wconf 78' lang='lat' dir='ltr'><em>mumque</em></span> <span class='ocrx_word' id='word_1_85' title='bbox 239 1766 357 1814; x_wconf 88' lang='lat' dir='ltr'><em>meam</em></span> <span class='ocrx_word' id='word_1_86' title='bbox 383 1767 465 1813; x_wconf 90' lang='lat' dir='ltr'><em>cum</em></span> <span class='ocrx_word' id='word_1_87' title='bbox 496 1744 596 1812; x_wconf 89' lang='lat' dir='ltr'><em>omni</em></span> <span class='ocrx_word' id='word_1_88' title='bbox 623 1758 807 1844; x_wconf 87' lang='lat' dir='ltr'><em>apparatu</em></span> <span class='ocrx_word' id='word_1_89' title='bbox 836 1767 914 1812; x_wconf 91' lang='lat' dir='ltr'><em>meo</em></span> <span class='ocrx_word' id='word_1_90' title='bbox 934 1738 1108 1839; x_wconf 80' lang='lat' dir='ltr'><em>gaudens</em></span> 
     </span>
     <span class='ocr_line' id='line_1_14' title="bbox 46 1856 1112 1960; baseline -0.001 -31"><span class='ocrx_word' id='word_1_91' title='bbox 46 1860 160 1956; x_wconf 86' lang='lat' dir='ltr'><em>offero</em></span> <span class='ocrx_word' id='word_1_92' title='bbox 184 1858 451 1959; x_wconf 85' lang='lat' dir='ltr'><em>Cunctipotenti</em></span> <span class='ocrx_word' id='word_1_93' title='bbox 459 1891 475 1943; x_wconf 90' lang='lat'><em>,·</em></span> <span class='ocrx_word' id='word_1_94' title='bbox 492 1884 617 1956; x_wconf 87' lang='lat' dir='ltr'><em>meque</em></span> <span class='ocrx_word' id='word_1_95' title='bbox 629 1885 699 1959; x_wconf 82' lang='lat' dir='ltr'><em>pno</em></span> <span class='ocrx_word' id='word_1_96' title='bbox 712 1885 822 1960; x_wconf 86' lang='lat' dir='ltr'><em>posse</em></span> <span class='ocrx_word' id='word_1_97' title='bbox 838 1883 917 1931; x_wconf 90' lang='lat' dir='ltr'><em>meo</em></span> <span class='ocrx_word' id='word_1_98' title='bbox 927 1856 1112 1960; x_wconf 80' lang='lat' dir='ltr'><em>polliceor</em></span> 
     </span>
     <span class='ocr_line' id='line_1_15' title="bbox 47 1973 1110 2072; baseline 0 -28"><span class='ocrx_word' id='word_1_99' title='bbox 47 1975 254 2072; x_wconf 86' lang='lat' dir='ltr'><em>adjutorem</em></span> <span class='ocrx_word' id='word_1_100' title='bbox 268 1973 456 2047; x_wconf 90' lang='lat' dir='ltr'><em>adomnia</em></span> <span class='ocrx_word' id='word_1_101' title='bbox 466 1979 502 2045; x_wconf 89' lang='lat' dir='ltr'><em>in</em></span> <span class='ocrx_word' id='word_1_102' title='bbox 517 1979 660 2046; x_wconf 83' lang='lat' dir='ltr'><em>nomine</em></span> <span class='ocrx_word' id='word_1_103' title='bbox 671 1974 701 2046; x_wconf 84' lang='lat' dir='ltr'><strong><em>J</em></strong></span> <span class='ocrx_word' id='word_1_104' title='bbox 700 2000 761 2047; x_wconf 89' lang='lat' dir='ltr'><em>esu</em></span> <span class='ocrx_word' id='word_1_105' title='bbox 776 1973 922 2046; x_wconf 78' lang='lat' dir='ltr'><em>Cirn&#39;sti.</em></span> <span class='ocrx_word' id='word_1_106' title='bbox 937 1973 1110 2072; x_wconf 68' lang='lat' dir='ltr'><em>Exsurge</em></span> 
     </span>
     <span class='ocr_line' id='line_1_16' title="bbox 50 2090 1049 2193; baseline 0 -32"><span class='ocrx_word' id='word_1_107' title='bbox 50 2091 233 2182; x_wconf 82' lang='lat' dir='ltr'><em>velociter,</em></span> <span class='ocrx_word' id='word_1_108' title='bbox 250 2094 369 2193; x_wconf 80' lang='lat' dir='ltr'><em>incipe</em></span> <span class='ocrx_word' id='word_1_109' title='bbox 384 2090 549 2181; x_wconf 82' lang='lat' dir='ltr'><em>uiriliter,</em></span> <span class='ocrx_word' id='word_1_110' title='bbox 566 2118 657 2191; x_wconf 91' lang='lat' dir='ltr'><em>opus</em></span> <span class='ocrx_word' id='word_1_111' title='bbox 679 2093 752 2165; x_wconf 89' lang='lat' dir='ltr'><em>Dei</em></span> <span class='ocrx_word' id='word_1_112' title='bbox 760 2094 834 2185; x_wconf 86' lang='lat' dir='ltr'><em>sac</em></span> <span class='ocrx_word' id='word_1_113' title='bbox 849 2093 1049 2187; x_wconf 82' lang='lat' dir='ltr'><em>insigniter.</em></span> 
     </span>
     <span class='ocr_line' id='line_1_17' title="bbox 193 2246 917 2322; baseline -0.004 -20"><span class='ocrx_word' id='word_1_114' title='bbox 193 2248 272 2302; x_wconf 79' lang='lat' dir='ltr'><em>Tolle</em></span> <span class='ocrx_word' id='word_1_115' title='bbox 284 2266 389 2309; x_wconf 79' lang='lat' dir='ltr'><em>moras,¹</em></span> <span class='ocrx_word' id='word_1_116' title='bbox 403 2265 513 2318; x_wconf 83' lang='lat' dir='ltr'><em>semper</em></span> <span class='ocrx_word' id='word_1_117' title='bbox 522 2251 614 2301; x_wconf 86' lang='lat' dir='ltr'><em>nocuit</em></span> <span class='ocrx_word' id='word_1_118' title='bbox 626 2246 740 2322; x_wconf 72' lang='lat' dir='ltr'><em>diffisi-c</em></span> <span class='ocrx_word' id='word_1_119' title='bbox 753 2247 917 2317; x_wconf 60' lang='lat' dir='ltr'><em>paratim).</em></span> 
     </span>
    </p>
   </div>
   <div class='ocr_carea' id='block_1_3' title="bbox 43 2380 1184 3745">
    <p class='ocr_par' dir='ltr' id='par_1_3' title="bbox 43 2380 1184 3745">
     <span class='ocr_line' id='line_1_18' title="bbox 97 2380 1110 2487; baseline -0.001 -31"><span class='ocrx_word' id='word_1_120' title='bbox 97 2384 210 2456; x_wconf 79' lang='lat' dir='ltr'><em>Multi</em></span> <span class='ocrx_word' id='word_1_121' title='bbox 231 2385 392 2487; x_wconf 80' lang='lat' dir='ltr'><em>profecto</em></span> <span class='ocrx_word' id='word_1_122' title='bbox 412 2385 566 2457; x_wconf 83' lang='lat' dir='ltr'><em>aderunt</em></span> <span class='ocrx_word' id='word_1_123' title='bbox 591 2403 860 2487; x_wconf 67' lang='lat' dir='ltr'><em>cooperatores,</em></span> <span class='ocrx_word' id='word_1_124' title='bbox 885 2402 919 2455; x_wconf 90' lang='lat' dir='ltr'><em>et</em></span> <span class='ocrx_word' id='word_1_125' title='bbox 943 2400 1026 2484; x_wconf 89' lang='lat' dir='ltr'><em>post</em></span> <span class='ocrx_word' id='word_1_126' title='bbox 1033 2380 1110 2481; x_wconf 87' lang='lat' dir='ltr'><em>fu-</em></span> 
     </span>
     <span class='ocr_line' id='line_1_19' title="bbox 50 2501 1108 2602; baseline 0 -32"><span class='ocrx_word' id='word_1_127' title='bbox 50 2528 117 2572; x_wconf 88' lang='lat' dir='ltr'><em>nus</em></span> <span class='ocrx_word' id='word_1_128' title='bbox 136 2502 247 2572; x_wconf 87' lang='lat' dir='ltr'><em>etiam</em></span> <span class='ocrx_word' id='word_1_129' title='bbox 263 2517 422 2572; x_wconf 87' lang='lat' dir='ltr'><em>oestrum</em></span> <span class='ocrx_word' id='word_1_130' title='bbox 431 2503 492 2602; x_wconf 90' lang='lat' dir='ltr'><em>pii</em></span> <span class='ocrx_word' id='word_1_131' title='bbox 499 2529 570 2599; x_wconf 83' lang='lat' dir='ltr'><em>pro</em></span> <span class='ocrx_word' id='word_1_132' title='bbox 584 2501 685 2574; x_wconf 82' lang='lat' dir='ltr'><em>uobis</em></span> <span class='ocrx_word' id='word_1_133' title='bbox 705 2517 875 2574; x_wconf 87' lang='lat' dir='ltr'><em>oratores.</em></span> <span class='ocrx_word' id='word_1_134' title='bbox 898 2501 943 2572; x_wconf 88' lang='lat' dir='ltr'><em>In</em></span> <span class='ocrx_word' id='word_1_135' title='bbox 954 2501 1108 2600; x_wconf 87' lang='lat' dir='ltr'><em>primis,</em></span> 
     </span>
     <span class='ocr_line' id='line_1_20' title="bbox 50 2616 1110 2717; baseline -0.001 -29"><span class='ocrx_word' id='word_1_136' title='bbox 50 2616 320 2690; x_wconf 80' lang='lat' dir='ltr'><em>aduenientibus</em></span> <span class='ocrx_word' id='word_1_137' title='bbox 336 2616 520 2691; x_wconf 70' lang='lat' dir='ltr'><em>monachis</em></span> <span class='ocrx_word' id='word_1_138' title='bbox 540 2645 620 2690; x_wconf 91' lang='lat' dir='ltr'><em>cum</em></span> <span class='ocrx_word' id='word_1_139' title='bbox 637 2620 877 2691; x_wconf 75' lang='lat' dir='ltr'><em>cantentan&#39;is</em></span> <span class='ocrx_word' id='word_1_140' title='bbox 895 2617 949 2690; x_wconf 88' lang='lat' dir='ltr'><em>ad</em></span> <span class='ocrx_word' id='word_1_141' title='bbox 961 2618 1110 2717; x_wconf 80' lang='lat' dir='ltr'><em>jacien-</em></span> 
     </span>
     <span class='ocr_line' id='line_1_21' title="bbox 51 2733 1111 2832; baseline 0.003 -29"><span class='ocrx_word' id='word_1_142' title='bbox 51 2735 139 2803; x_wconf 90' lang='lat' dir='ltr'><em>dum</em></span> <span class='ocrx_word' id='word_1_143' title='bbox 155 2733 675 2832; x_wconf 75' lang='lat' dir='ltr'><em>monasteriijundamentum,</em></span> <span class='ocrx_word' id='word_1_144' title='bbox 693 2734 747 2807; x_wconf 86' lang='lat' dir='ltr'><em>ad</em></span> <span class='ocrx_word' id='word_1_145' title='bbox 764 2735 1028 2808; x_wconf 73' lang='lat' dir='ltr'><em>inchoationem</em></span> <span class='ocrx_word' id='word_1_146' title='bbox 1042 2733 1111 2806; x_wconf 75' lang='lat' dir='ltr'><em>hu·</em></span> 
     </span>
     <span class='ocr_line' id='line_1_22' title="bbox 45 2847 1112 2949; baseline -0.001 -29"><span class='ocrx_word' id='word_1_147' title='bbox 45 2849 257 2946; x_wconf 83' lang='lat' dir='ltr'><em>jusoemodi</em></span> <span class='ocrx_word' id='word_1_148' title='bbox 275 2854 459 2949; x_wconf 75' lang='lat' dir='ltr'><em>porrigam</em></span> <span class='ocrx_word' id='word_1_149' title='bbox 486 2874 534 2921; x_wconf 84' lang='lat' dir='ltr'><em>xv</em></span> <span class='ocrx_word' id='word_1_150' title='bbox 558 2850 670 2921; x_wconf 85' lang='lat' dir='ltr'><em>libras</em></span> <span class='ocrx_word' id='word_1_151' title='bbox 692 2850 941 2921; x_wconf 80' lang='lat' dir='ltr'><em>sterilensium.</em></span> <span class='ocrx_word' id='word_1_152' title='bbox 968 2847 1112 2920; x_wconf 79' lang='lat' dir='ltr'><em>Deinde</em></span> 
     </span>
     <span class='ocr_line' id='line_1_23' title="bbox 51 2967 1113 3068; baseline -0.001 -31"><span class='ocrx_word' id='word_1_153' title='bbox 51 2974 225 3067; x_wconf 85' lang='lat' dir='ltr'><em>meipsum</em></span> <span class='ocrx_word' id='word_1_154' title='bbox 237 3023 249 3056; x_wconf 90' lang='lat'><em>,</em></span> <span class='ocrx_word' id='word_1_155' title='bbox 265 2983 298 3040; x_wconf 88' lang='lat' dir='ltr'><em>et</em></span> <span class='ocrx_word' id='word_1_156' title='bbox 310 2967 546 3040; x_wconf 87' lang='lat' dir='ltr'><em>Benedictum</em></span> <span class='ocrx_word' id='word_1_157' title='bbox 549 2967 676 3068; x_wconf 85' lang='lat' dir='ltr'><em>filium</em></span> <span class='ocrx_word' id='word_1_158' title='bbox 684 2993 802 3038; x_wconf 91' lang='lat' dir='ltr'><em>meum</em></span> <span class='ocrx_word' id='word_1_159' title='bbox 807 2968 891 3066; x_wconf 86' lang='lat' dir='ltr'><em>jam</em></span> <span class='ocrx_word' id='word_1_160' title='bbox 907 2970 1113 3064; x_wconf 85' lang='lat' dir='ltr'><em>quinquen-</em></span> 
     </span>
     <span class='ocr_line' id='line_1_24' title="bbox 52 3087 1113 3179; baseline -0.002 -19"><span class='ocrx_word' id='word_1_161' title='bbox 52 3116 153 3179; x_wconf 89' lang='lat' dir='ltr'><em>nem,</em></span> <span class='ocrx_word' id='word_1_162' title='bbox 176 3106 210 3161; x_wconf 86' lang='lat' dir='ltr'><em>et</em></span> <span class='ocrx_word' id='word_1_163' title='bbox 231 3091 357 3161; x_wconf 92' lang='lat' dir='ltr'><em>omnia</em></span> <span class='ocrx_word' id='word_1_164' title='bbox 379 3116 460 3163; x_wconf 85' lang='lat' dir='ltr'><em>meu</em></span> <span class='ocrx_word' id='word_1_165' title='bbox 480 3088 624 3162; x_wconf 88' lang='lat' dir='ltr'><em>tradam</em></span> <span class='ocrx_word' id='word_1_166' title='bbox 644 3091 862 3163; x_wconf 74' lang='lat' dir='ltr'><em>monasterio</em></span> <span class='ocrx_word' id='word_1_167' title='bbox 871 3145 883 3178; x_wconf 90' lang='lat'><em>,</em></span> <span class='ocrx_word' id='word_1_168' title='bbox 909 3087 977 3161; x_wconf 83' lang='lat' dir='ltr'><em>taii</em></span> <span class='ocrx_word' id='word_1_169' title='bbox 992 3103 1113 3160; x_wconf 80' lang='lat' dir='ltr'><em>tenore</em></span> 
     </span>
     <span class='ocr_line' id='line_1_25' title="bbox 52 3201 1184 3297; baseline -0.002 -22"><span class='ocrx_word' id='word_1_170' title='bbox 52 3223 91 3275; x_wconf 86' lang='lat' dir='ltr'><em>ut</em></span> <span class='ocrx_word' id='word_1_171' title='bbox 109 3207 270 3276; x_wconf 90' lang='lat' dir='ltr'><em>omnium</em></span> <span class='ocrx_word' id='word_1_172' title='bbox 285 3232 401 3277; x_wconf 78' lang='lat' dir='ltr'><em>nerum</em></span> <span class='ocrx_word' id='word_1_173' title='bbox 419 3232 579 3278; x_wconf 85' lang='lat' dir='ltr'><em>mearum</em></span> <span class='ocrx_word' id='word_1_174' title='bbox 597 3204 770 3278; x_wconf 84' lang='lat' dir='ltr'><em>medietas</em></span> <span class='ocrx_word' id='word_1_175' title='bbox 785 3230 924 3277; x_wconf 90' lang='lat' dir='ltr'><em>mecum</em></span> <span class='ocrx_word' id='word_1_176' title='bbox 936 3201 1115 3275; x_wconf 83' lang='lat' dir='ltr'><em>subdatur</em></span> <span class='ocrx_word' id='word_1_177' title='bbox 1179 3288 1184 3297; x_wconf 32' lang='grc' dir='ltr'>Ι</span> 
     </span>
     <span class='ocr_line' id='line_1_26' title="bbox 53 3316 1113 3421; baseline -0.001 -29"><span class='ocrx_word' id='word_1_178' title='bbox 53 3320 311 3393; x_wconf 81' lang='lat' dir='ltr'><em>monachorum</em></span> <span class='ocrx_word' id='word_1_179' title='bbox 339 3322 528 3411; x_wconf 83' lang='lat' dir='ltr'><em>dominio,</em></span> <span class='ocrx_word' id='word_1_180' title='bbox 564 3320 714 3421; x_wconf 85' lang='lat' dir='ltr'><em>aliaque</em></span> <span class='ocrx_word' id='word_1_181' title='bbox 741 3320 915 3393; x_wconf 81' lang='lat' dir='ltr'><em>medietas</em></span> <span class='ocrx_word' id='word_1_182' title='bbox 943 3316 1113 3392; x_wconf 78' lang='lat' dir='ltr'><em>Ebrardo</em></span> 
     </span>
     <span class='ocr_line' id='line_1_27' title="bbox 43 3436 1114 3538; baseline -0.001 -30"><span class='ocrx_word' id='word_1_183' title='bbox 43 3437 131 3535; x_wconf 78' lang='lat' dir='ltr'><em>filio</em></span> <span class='ocrx_word' id='word_1_184' title='bbox 148 3464 227 3511; x_wconf 88' lang='lat' dir='ltr'><em>meo</em></span> <span class='ocrx_word' id='word_1_185' title='bbox 243 3436 401 3511; x_wconf 79' lang='lat' dir='ltr'><em>dedatur</em></span> <span class='ocrx_word' id='word_1_186' title='bbox 416 3437 483 3510; x_wconf 86' lang='lat' dir='ltr'><em>sub</em></span> <span class='ocrx_word' id='word_1_187' title='bbox 497 3438 754 3513; x_wconf 73' lang='lat' dir='ltr'><em>monachorum</em></span> <span class='ocrx_word' id='word_1_188' title='bbox 765 3438 982 3538; x_wconf 79' lang='lat' dir='ltr'><em>patrocinio.</em></span> <span class='ocrx_word' id='word_1_189' title='bbox 998 3437 1114 3508; x_wconf 80' lang='lat' dir='ltr'><em>Porro</em></span> 
     </span>
     <span class='ocr_line' id='line_1_28' title="bbox 50 3553 1114 3654; baseline -0.002 -30"><span class='ocrx_word' id='word_1_190' title='bbox 50 3557 335 3654; x_wconf 75' lang='lat' dir='ltr'><em>primogenitum</em></span> <span class='ocrx_word' id='word_1_191' title='bbox 348 3557 402 3652; x_wconf 78' lang='lat' dir='ltr'><em>(a)</em></span> <span class='ocrx_word' id='word_1_192' title='bbox 422 3555 654 3652; x_wconf 71' lang='lat' dir='ltr'><em>(ordericum</em></span> <span class='ocrx_word' id='word_1_193' title='bbox 671 3553 863 3650; x_wconf 77' lang='lat' dir='ltr'><em>videlicet)</em></span> <span class='ocrx_word' id='word_1_194' title='bbox 882 3578 997 3624; x_wconf 75' lang='lat' dir='ltr'><em>merim</em></span> <span class='ocrx_word' id='word_1_195' title='bbox 1007 3554 1114 3651; x_wconf 73' lang='lat' dir='ltr'><em>Jam-</em></span> 
     </span>
     <span class='ocr_line' id='line_1_29' title="bbox 56 3668 1116 3745; baseline -0.004 -3"><span class='ocrx_word' id='word_1_196' title='bbox 56 3673 196 3744; x_wconf 85' lang='lat' dir='ltr'><em>dudum</em></span> <span class='ocrx_word' id='word_1_197' title='bbox 216 3672 341 3744; x_wconf 84' lang='lat' dir='ltr'><em>litten&#39;s</em></span> <span class='ocrx_word' id='word_1_198' title='bbox 359 3673 589 3745; x_wconf 85' lang='lat' dir='ltr'><em>imbuendum</em></span> <span class='ocrx_word' id='word_1_199' title='bbox 609 3672 753 3745; x_wconf 81' lang='lat' dir='ltr'><em>liberali</em></span> <span class='ocrx_word' id='word_1_200' title='bbox 767 3669 962 3742; x_wconf 84' lang='lat' dir='ltr'><em>didascalo</em></span> <span class='ocrx_word' id='word_1_201' title='bbox 980 3668 1116 3740; x_wconf 86' lang='lat' dir='ltr'><em>manci·</em></span> 
     </span>
    </p>
   </div>
   <div class='ocr_carea' id='block_1_4' title="bbox 61 3923 1117 4157">
    <p class='ocr_par' dir='ltr' id='par_1_4' title="bbox 61 3923 1117 4157">
     <span class='ocr_line' id='line_1_30' title="bbox 89 3923 507 3991; baseline -0.005 -14"><span class='ocrx_word' id='word_1_202' title='bbox 89 3929 98 3987; x_wconf 68' lang='lat' dir='ltr'><em>t</em></span> <span class='ocrx_word' id='word_1_203' title='bbox 106 3945 113 3977; x_wconf 85' lang='grc' dir='ltr'>ι</span> <span class='ocrx_word' id='word_1_204' title='bbox 120 3948 129 3991; x_wconf 67' lang='lat' dir='ltr'><em>p</em></span> <span class='ocrx_word' id='word_1_205' title='bbox 149 3923 265 3988; x_wconf 70' lang='lat' dir='ltr'><em>Luccio⁸</em></span> <span class='ocrx_word' id='word_1_206' title='bbox 283 3923 393 3985; x_wconf 70' lang='lat' dir='ltr'><em>Pinare..</em></span> <span class='ocrx_word' id='word_1_207' title='bbox 409 3942 430 3985; x_wconf 81' lang='grc' dir='ltr'><em>ι,</em></span> <span class='ocrx_word' id='word_1_208' title='bbox 446 3924 507 3977; x_wconf 76' lang='lat'>28..</span> 
     </span>
     <span class='ocr_line' id='line_1_31' title="bbox 90 4004 1117 4085; baseline -0.016 -12"><span class='ocrx_word' id='word_1_209' title='bbox 90 4024 129 4082; x_wconf 75' lang='grc' dir='ltr'><em>(ἠ</em></span> <span class='ocrx_word' id='word_1_210' title='bbox 149 4015 200 4068; x_wconf 64' lang='grc' dir='ltr'>ω</span> <span class='ocrx_word' id='word_1_211' title='bbox 219 4014 290 4068; x_wconf 78' lang='lat' dir='ltr'><em>deux</em></span> <span class='ocrx_word' id='word_1_212' title='bbox 313 4028 385 4069; x_wconf 74' lang='lat' dir='ltr'><em>mors</em></span> <span class='ocrx_word' id='word_1_213' title='bbox 404 4034 451 4085; x_wconf 81' lang='lat' dir='ltr'><em>qus</em></span> <span class='ocrx_word' id='word_1_214' title='bbox 475 4023 578 4067; x_wconf 70' lang='lat' dir='ltr'><em>susscnt</em></span> <span class='ocrx_word' id='word_1_215' title='bbox 603 4022 749 4084; x_wconf 77' lang='lat' dir='ltr'><em>stnaqucut</em></span> <span class='ocrx_word' id='word_1_216' title='bbox 775 4009 842 4062; x_wconf 69' lang='lat' dir='ltr'><em>darn</em></span> <span class='ocrx_word' id='word_1_217' title='bbox 865 4008 890 4061; x_wconf 77' lang='lat' dir='ltr'><em>ic</em></span> <span class='ocrx_word' id='word_1_218' title='bbox 914 4007 1062 4061; x_wconf 74' lang='lat' dir='ltr'><em>ossnuscrir</em></span> <span class='ocrx_word' id='word_1_219' title='bbox 1083 4004 1117 4057; x_wconf 82' lang='lat' dir='ltr'><em>dc</em></span> 
     </span>
     <span class='ocr_line' id='line_1_32' title="bbox 61 4098 277 4157; baseline -0.005 -2"><span class='ocrx_word' id='word_1_220' title='bbox 61 4098 277 4157; x_wconf 46' lang='lat' dir='ltr'><em>minuiscunt.</em></span> 
     </span>
    </p>
   </div>
   <div class='ocr_carea' id='block_1_5' title="bbox 0 0 1413 5094">
    <p class='ocr_par' dir='ltr' id='par_1_5' title="bbox 0 0 1413 5094">
     <span class='ocr_line' id='line_1_33' title="bbox 0 0 1413 5094; baseline 0 0"><span class='ocrx_word' id='word_1_221' title='bbox 0 0 1413 5094; x_wconf 95' lang='lat' dir='ltr'><em> </em></span> 
     </span>
    </p>
   </div>
  </div>
 </body>
</html>
