2768 5094
178 380 236 438 190
454 372 638 434 HISTORIA
660 371 967 436 ssccttstlsttcl.
1147 383 1239 461 [tw]

175 503 329 597 igneque
344 492 506 566 furentes
523 495 675 567 maxima
699 510 839 594 patrare
853 494 983 568 damna
1003 499 1132 571 conati
1152 517 1239 575 suut

173 613 344 688 Protinus
358 608 427 682 illis
440 610 618 683 Briennus
632 610 795 685 liudonis
806 613 950 687 comitis
963 614 1172 689 Britannias
1182 618 1242 690 mi

173 730 273 804 noris
286 726 382 801 filius
390 779 401 815 ,
418 741 455 801 et
467 725 681 802 Guillelmus
693 727 822 802 Gualdi
837 755 920 802 cum
934 733 1045 803 armis
1059 731 1164 808 obvii
1178 733 1241 809 luc·

171 862 282 934 runt,
302 860 340 919 et
351 841 494 920 duobus
506 869 581 917 uno
599 843 657 918 die
671 844 901 919 conflictibus
914 847 1142 923 horrendum
1155 851 1241 923 mul

172 966 366 1039 titudinem
386 965 423 1035 in
444 989 523 1036 eam
544 964 761 1061 paucitatem
781 965 1024 1065 redegerunt,
1048 985 1092 1041 ut
1116 968 1239 1042 residui

167 1079 308 1154 duabus
337 1077 474 1178 scaphis
500 1078 674 1151 subtracti
704 1080 937 1181 aufugerent,
966 1099 1002 1157 et
1029 1082 1239 1159 Hiberniam

171 1199 272 1270 luctu
288 1196 482 1294 replerent.
508 1195 557 1266 At
577 1197 644 1267 nisi
668 1220 744 1269 nox
762 1197 930 1295 praelium
952 1198 1180 1287 diremisset,
1201 1227 1239 1275 ue

169 1313 321 1387 nuntius
346 1309 493 1412 quidem
519 1311 627 1383 cladis
650 1313 927 1412 repatriavisset.
948 1316 1050 1390 Juste
1076 1316 1115 1390 id
1137 1344 1237 1393 omen

169 1430 381 1504 comitatum
399 1443 454 1501 est
474 1443 576 1501 natos
595 1453 664 1527 pro
684 1444 842 1528 tyranno
860 1432 1026 1531 genitore
1044 1433 1237 1509 vindicum

168 1559 388 1646 qiraerentes,
403 1558 440 1616 et
456 1541 541 1615 huic
559 1544 756 1618 intentioni
774 1570 882 1644 opem
896 1546 1068 1621 ferentes.

216 1663 315 1734 luter
340 1657 417 1732 haec
442 1656 525 1730 Gisa
552 1661 610 1757 (1)
639 1658 798 1734 Goduini
826 1687 935 1749 uxor,
964 1664 1111 1738 lleraldi
1138 1668 1236 1767 geni·

168 1780 238 1853 trix
249 1829 260 1866 ‚
283 1778 466 1876 ingentem
486 1801 608 1874 gazam
631 1776 836 1851 clanculum
854 1781 1028 1878 sumpsit,
1046 1796 1085 1854 et
1107 1808 1180 1883 pco
1197 1786 1237 1855 ti·
1275 1824 1278 1901 Ι

165 1922 268 1971 more
287 1890 470 1966 Guillelmi
494 1893 587 1992 regis
608 1893 645 1966 in
668 1893 821 1968 Galliam
844 1922 919 1971 non
939 1896 1103 1986 reditura
1129 1915 1235 1974 trans

164 2014 309 2088 meavit.

213 2136 255 2206 ln
286 2133 344 2206 illa
371 2146 582 2232 tempestate
607 2133 746 2207 Suenus
772 2160 836 2206 rex
862 2133 1049 2207 Danornm
1070 2160 1234 2235 magnam

164 2255 310 2327 classem
330 2251 440 2324 Danis
453 2265 491 2324 et
504 2249 632 2349 Anglis
646 2250 910 2323 accuratissime
923 2251 1116 2340 instruxit,
1131 2251 1235 2327 duos

163 2398 234 2472 que
247 2369 338 2445 lilios
354 2395 435 2442 suos
451 2384 488 2439 et
500 2366 704 2442 Osbernum
720 2368 870 2443 fratrem
884 2395 1007 2456 suum,
1027 2369 1233 2468 pontifices·

163 2515 234 2590 que
245 2489 348 2575 duos,
365 2488 586 2586 comitesque
599 2504 672 2560 tres
683 2487 934 2562 dilectissimos
947 2487 1133 2587 praesecit,
1148 2506 1187 2563 et
1199 2491 1232 2562 in

162 2604 328 2703 Angliam
347 2602 446 2673 misit
463 2601 533 2698 (a).
557 2585 768 2675 Multotiens
792 2605 890 2676 enim
914 2604 1075 2701 pecuniis
1095 2604 1233 2705 Anglo·

161 2745 243 2792 rum
265 2734 300 2792 et
322 2716 466 2791 obnixis
485 2717 652 2816 precibus
674 2716 793 2790 luerat
812 2718 1042 2806 sollicitatus,
1067 2733 1107 2795 et
1128 2722 1231 2793 ruina

162 2861 334 2928 suorum,
361 2835 423 2935 qui
448 2860 565 2934 nuper
592 2835 631 2907 in
654 2833 798 2907 lleraldi
824 2833 997 2909 conllictu
1017 2835 1128 2909 occisi
1154 2834 1232 2911 sue·

162 2970 265 3041 rant,
297 2969 442 3038 motus3
476 2952 565 3051 quin
598 2951 707 3024 etiam
738 2951 903 3049 proxima
934 2950 1154 3051 cognatione
1188 2953 1232 3025 ad

159 3071 260 3171 segni
287 3069 519 3168 cupiditatem
545 3069 733 3153 incitatus,
760 3086 911 3168 utpote
936 3095 1049 3169 nepos
1073 3069 1229 3144 Edssardi

193 3436 202 3502 (
209 3433 233 3503 ι)
250 3432 325 3486 Lisos
341 3428 440 3485 Gitba.
455 3429 535 3483 Cette
546 3428 642 3494 dame,
662 3429 751 3501 partie
765 3427 894 3484 d'Exeter
908 3429 957 3485 dos
973 3429 1051 3504 1067,
1065 3441 1140 3486 teau
1150 3433 1227 3507 spal-

157 3542 212 3598 qne
228 3534 319 3596 ωαψς
330 3520 431 3576 cachee
446 3519 553 3575 dausls
569 3520 655 3593 petite
667 3519 704 3575 ile
715 3517 752 3574 de
762 3518 939 3576 Fiat-Holms
948 3523 964 3574 t
974 3519 1228 3578 l’ctubouehurcdc

44 3664 58 3689 0
158 3614 183 3668 la
197 3615 328 3679 saverne,
350 3613 413 3685 puis
426 3629 514 3685 pagna
527 3609 567 3665 les
580 3611 656 3667 cotes
673 3609 708 3665 de
727 3608 862 3677 Flauum,
882 3620 958 3665 etse
974 3610 1083 3685 ntugt·
1101 3614 1120 3666 a
1137 3610 1226 3669 asna·

157 3705 257 3760 Omen.
273 3704 330 3759 Son
343 3721 411 3757 nom
427 3712 469 3756 est
481 3704 552 3757 ecrit
568 3700 603 3755 dc
620 3700 758 3773 plusieurs
776 3701 912 3756 manieres
933 3700 1003 3756 dans
1018 3699 1045 3756 le
1063 3699 1226 3775 Βοιώ]

158 3794 236 3851 Book
247 3820 254 3847 .·
266 3795 376 3861 Gbida,
388 3792 478 3859 Gida,
491 3791 606 3857 Gucd23
619 3809 657 3846 on
673 3811 691 3864 y
705 3792 762 3846 voit
772 3790 872 3865 qu'elle
885 3793 972 3847 tenuit
983 3791 1019 3848 de
1031 3790 1057 3846 la
1070 3810 1225 3858 com.

155 3896 236 3939 avaut
249 3884 274 3939 la
287 3883 438 3957 conquire.
454 3881 626 3936 nectemus
634 3880 711 3935 mille
721 3881 761 3934 sis
774 3890 851 3935 cents
862 3897 939 3935 acres
952 3879 987 3935 de
1000 3890 1088 3937 tem.

191 3990 232 4057 (a)
249 3988 330 4044 Cotta
343 3986 422 4041 llotte
439 3985 507 4038 &tait
518 4000 581 4038 sous
594 3984 620 4038 lc
632 3983 875 4039 commandemcnt
887 3982 926 4036 du
941 3981 1042 4038 mund
1058 3981 1102 4038 liis
1112 3982 1225 4039 desti·

154 4094 228 4132 none
245 4079 350 4145 Canus,
365 4076 414 4150 qui
429 4075 472 4131 lut
483 4073 582 4147 depuis
591 4076 683 4131 Caum
697 4074 737 4131 tv
747 4070 880 4143 (toto-10
890 4072 984 4144 juillet
997 4072 1225 4144 nominantis!

154 4182 190 4223 en
206 4186 281 4223 noo.
