2768 5094
495 346 813 424 usaaourrrus.
1131 354 1190 415 sur

136 470 347 545 nlertemct
358 468 540 558 idoneum,
556 469 599 541 ad
615 469 804 569 regendam
813 468 961 542 domurn
974 468 1041 542 sibi
1053 472 1190 545 sociam

136 584 253 685 elegit,
269 583 393 683 illique
410 585 683 683 preposituram
700 581 904 657 monasterii
923 586 976 656 sui
994 587 1186 660 commisit.

136 702 195 773 lic
212 725 344 801 nempe
359 700 527 775 Falconis
543 700 665 774 decani
690 699 917 773 Ebroicensis
934 699 1028 773 fitius
1043 700 1131 790 luit,
1150 719 1188 777 et

136 842 162 888 n
180 816 311 890 ordine
325 815 488 916 flagrans,
503 814 668 889 abbatem
685 841 788 887 suum
802 813 993 914 diligenter
1010 816 1047 888 in
1064 819 1188 891 omni-

136 956 195 1004 rus
211 932 366 1031 adjurit;
385 948 523 1032 patrem
537 957 682 1033 quoque
695 957 816 1019 suum,
833 957 1067 1032 magnamquc
1080 934 1189 1031 patri·

136 1048 243 1121 nonii
263 1048 316 1119 sui
333 1063 471 1147 partem
490 1047 646 1121 ecclesiae
663 1072 735 1119 suae
753 1047 913 1119 attraxit.
934 1046 1106 1120 Praelatus
1122 1049 1188 1122 dc·

136 1190 239 1239 ansts
255 1191 298 1237 ex
310 1163 493 1264 discipulis
509 1163 669 1237 Fulberti
687 1163 913 1236 carnotensis
930 1164 1084 1263 episcopi
1103 1163 1185 1254 luit,

136 1299 219 1355 etex
234 1298 379 1382 paterna
392 1280 599 1355 lsoereditate
612 1280 758 1355 feudum
772 1280 895 1354 militis
907 1281 1073 1380 possedit.
1090 1282 1187 1356 lllius

136 1399 236 1471 etiam
253 1398 423 1498 temporis
437 1401 511 1470 ritu
528 1395 686 1472 nobilem
702 1398 834 1471 sociam
849 1398 995 1471 nomine
1008 1398 1187 1472 Oricldem

136 1510 255 1584 tabuit
272 1514 344 1610 (r),
368 1538 411 1585 cx
428 1539 496 1612 qua
515 1513 694 1611 copiosam
717 1510 855 1610 prolem
875 1502 1069 1611 generarit.
1094 1514 1186 1587 Octo

136 1627 225 1699 enirn
245 1625 337 1700 filios
354 1624 478 1698 habuit
494 1641 530 1700 et
545 1625 630 1698 duas
644 1625 752 1715 filias,
771 1649 928 1725 quorum
944 1627 1090 1701 nomina
1109 1627 1184 1701 haec

136 1758 213 1815 runt
232 1772 241 1811 :
261 1739 460 1830 Guarinus,
480 1741 718 1830 Christianus,
736 1740 926 1829 lladullus,
951 1742 1183 1834 Guillclmus,

136 1858 254 1945 Fuloo,
271 1858 539 1946 Frodmundus,
562 1857 743 1932 Hubertus
766 1873 802 1931 et
825 1857 1020 1946 Galterius,
1045 1885 1185 1959 cogno-

136 1991 254 2049 nento
272 1974 425 2048 Tirellus
447 1976 522 2072 (2),
545 1975 674 2049 Alwisa
692 1991 728 2047 et
744 1972 909 2047 adelidis.
928 1975 1032 2047 'lunc
1050 1976 1185 2076 quippe

141 2118 164 2163 n
183 2090 348 2164 Ncustria
367 2106 449 2190 post
465 2090 656 2164 adrentum
673 2090 966 2165 Normaunorum
989 2090 1025 2163 iu
1045 2105 1184 2164 tantum

137 2206 296 2279 lissoluta
314 2223 389 2279 erat
406 2207 544 2280 castitas
561 2208 790 2293 clericorum,
809 2221 848 2277 ut
866 2232 940 2279 non
958 2205 1074 2279 solum
1091 2233 1185 2306 pres·

136 2322 267 2423 uytcri,
281 2322 459 2395 sedetiam
472 2321 638 2420 praesules
652 2320 762 2395 libere
774 2335 963 2394 uterentur
975 2321 1088 2395 thoris
1099 2347 1183 2395 con·

136 2437 355 2525 misicorum,
371 2454 407 2511 et
420 2437 534 2537 palam
544 2436 770 2537 superbirent
784 2435 974 2536 multiplici
988 2438 1183 2536 propagine

139 2555 285 2628 iliorum
304 2581 343 2627 ac
366 2553 531 2627 liliarum.
552 2552 802 2652 llujuscemodi
821 2579 898 2628 mos
921 2555 1070 2628 inolevit
1088 2571 1183 2628 tem·

136 2698 214 2767 sore
224 2669 506 2772 sicophytorum,
518 2672 580 2771 qui
594 2697 675 2743 cum
689 2670 840 2745 llollone
855 2670 1020 2770 baptizati
1036 2688 1135 2762 sunt,
1146 2687 1182 2745 et

136 2787 318 2861 lesolatam
331 2788 533 2886 regionem,
550 2811 624 2860 non
638 2786 783 2873 littoris,
800 2784 859 2859 sed
870 2787 977 2858 armis
994 2788 1179 2874 instructi,

136 2903 303 2977 rioleuter
320 2904 537 2977 invaserunt.
559 2902 693 2977 Deinde
707 2902 905 3003 presbytcri
925 2902 968 2975 dr
984 2905 1094 3001 stirpe
1112 2904 1181 2975 Da-

136 3048 266 3108 nrum,
280 3021 406 3095 litteris
417 3023 573 3095 tenuiter
586 3020 721 3108 edocti,
736 3018 940 3120 parrochias
953 3019 1135 3107 terrebant,
1146 3036 1182 3094 ct

136 3166 220 3211 uma
235 3138 388 3213 ferentes
398 3194 408 3227 ,
428 3139 585 3212 laicalem
601 3136 749 3211 leudam
765 3136 910 3210 militari
927 3136 1100 3209 famulatu
1116 3138 1181 3211 de-

136 3253 332 3328 rodebant.
345 3256 504 3328 'landem
518 3254 642 3328 Bruuo
653 3253 903 3353 Lotlraringus,
917 3251 1093 3326 Tullensis
1104 3254 1181 3352 epi·

136 3398 270 3471 copus,
296 3373 442 3444 llomam
460 3373 588 3444 ascitus
607 3387 678 3457 cst,
699 3375 843 3471 Deoquc
864 3371 1087 3470 dispensante
1110 3374 1180 3445 leo

155 3657 196 3723 (ι)
213 3656 295 3707 Ccttc
313 3655 411 3727 pluase
430 3654 537 3725 signitie
555 3655 617 3727 qu’a
637 3653 763 3728 l‘rpoque
780 3672 817 3707 ou
836 3654 915 3707 risait
937 3654 1072 3729 Fonlqncs
1092 3656 1125 3709 l“
1144 3655 1179 3711 de

136 3743 334 3807 iurnansillo,
359 3743 396 3797 les
414 3744 562 3799 clrsnoinrs
577 3763 612 3799 ne
629 3764 657 3798 se
675 3745 815 3815 croy-stent
834 3743 984 3800 nullement
1000 3747 1129 3802 astrcints
1144 3766 1179 3802 au

137 3832 231 3886 olibas.

157 3928 196 3985 (a)
218 3919 239 3972 ll
259 3939 293 3972 ns·
315 3920 371 3974 laut
391 3940 438 3994 pas
457 3920 607 3975 conlonslra
626 3940 656 3974 rr
678 3939 845 3993 prmonnags·
865 3941 927 3975 atus:
948 3941 995 3977 son
1013 3924 1179 3997 luunonsuse

138 4012 239 4063 ’.ιιιιιιι
252 4011 350 4080 ΤιτιΙ,
362 4010 505 4066 rlcusiiuur
514 4012 552 4065 du
566 4030 640 4074 nutu,
652 4030 780 4082 srrgurur
793 4013 827 4066 ds·
841 4014 916 4077 l’ois,
933 4016 1015 4087 qu'on
1027 4020 1095 4069 rrnit
1105 4022 1174 4070 ιιιιιι

141 4111 166 4149 t·-
183 4099 207 4151 lc
222 4102 369 4152 urrist-tritu
384 4100 562 4154 rrnolontaiu·
575 4100 609 4153 slo
622 4101 926 4157 t'.ultanus-tettan.
