2768 5094
139 423 212 501 ⁰6³]
376 414 493 481 ttumt
513 412 692 476 TERTIUS.
1031 416 1073 480 ⁸3

139 557 262 616 uatuor
272 535 449 612 militibus
461 534 679 609 Esmll'oium
691 535 805 624 venit,
821 549 858 611 et
870 535 908 608 in
918 526 1074 613 castrum

139 658 292 734 riselam
316 658 515 755 ingressus,
541 653 577 726 in
597 676 761 752 magnam
781 651 1077 729 vociferationem

139 779 195 852 sit.
220 774 337 867 Quam
359 786 400 844 ut
419 794 464 843 ux
486 769 618 843 milites
633 766 734 859 dtrpis
756 758 968 860 audierunt,
985 798 1080 874 mag·

139 920 211 966 rum
226 889 383 964 Errialdo
400 884 596 960 exereitum
613 883 732 960 adesse
752 900 991 984 putaverunt,
1011 903 1082 963 ter·

139 998 1083 1107 s,castrumquodcustodiredelsebantrelinquentes,

139 1141 252 1199 erunt.
273 1125 325 1195 At
341 1121 401 1194 ille
421 1118 539 1222 iguem
559 1118 755 1217 injecit„et
770 1117 944 1194 damultlm
960 1122 1086 1223 iugens

139 1268 186 1313 ius
200 1241 272 1312 suis
291 1237 428 1310 intulit.
445 1238 606 1336 Burgum
623 1256 769 1336 quoque
782 1235 988 1311 Uticensem
1007 1238 1088 1339 igne

139 1357 236 1443 ussit,
259 1371 296 1428 et
314 1379 378 1454 per
396 1378 520 1427 omnes
541 1352 691 1452 ungulos
707 1352 867 1427 ecclesias
884 1380 968 1427 cum
988 1356 1089 1431 satel-

139 1501 149 1545 s
166 1471 239 1544 suis
256 1469 373 1543 nudos
390 1494 491 1543 enses
511 1469 549 1540 iu
567 1465 703 1543 dextris
718 1465 945 1557 vibrantibus
962 1469 1089 1546 osber-

140 1588 307 1663 abbatem
331 1586 375 1660 ad
400 1585 620 1663 occisionem
642 1582 705 1657 diu
728 1587 908 1687 quesivit.
936 1586 1005 1663 Sed
1031 1589 1091 1664 ille

141 1722 207 1779 utu
224 1704 351 1778 sitdttit.
376 1706 461 1776 Post
480 1702 756 1805 aliquntnutein
771 1680 1092 1782 dies‘flennannus

140 1825 238 1896 erius
256 1819 639 1917 Frnaldumpriretim
651 1817 741 1892 odiit
751 1874 763 1908 ,
788 1821 976 1924 ipsumque
993 1824 1092 1926 quod

140 1942 224 2028 iam,
238 1963 347 2039 quam
359 1951 461 2036 pater
473 1960 558 2007 suus
571 1960 640 2033 pro
652 1934 765 2008 saluts
779 1936 910 2010 animae
922 1954 995 2015 siue
1010 1965 1096 2013 cou-

140 2072 227 2143 srat,
247 2054 430 2129 destrucre
448 2052 642 2137 niteretur,
667 2045 876 2150 benigniter
896 2052 1093 2156 redarguit.

140 2172 311 2249 smouita
334 2170 424 2243 servi
448 2168 512 2242 Dei
532 2166 590 2267 pic
609 2168 785 2267 suscepit,
806 2193 1017 2273 memorque
1039 2199 1098 2272 pa·

140 2291 299 2391 epietatis
311 2315 379 2388 pro
394 2285 588 2360 malefactis
605 2299 732 2359 contra
749 2284 961 2359 coenobium
975 2288 1097 2362 Sancti

140 2409 176 2483 lli
195 2406 372 2508 ploravit,
396 2402 652 2503 poenitensque
670 2412 867 2503 congruam
884 2403 1102 2481 emendatio

142 2523 324 2626 promisit.
354 2520 436 2593 Nou
462 2516 580 2591 multo
608 2533 692 2617 post
716 2517 864 2592 Uticum
888 2521 1007 2611 venit,
1035 2549 1104 2624 pm

140 2643 247 2744 gestis
264 2666 371 2739 super
384 2662 482 2709 aram
499 2633 745 2707 vadimonium
760 2636 899 2736 posuit,
920 2636 1107 2740 indulgen·

140 2761 256 2863 petiit,
271 2756 465 2855 abbatique
477 2750 642 2827 Osbetno
654 2754 882 2827 securitatem
895 2753 1003 2829 dedit.
1015 2758 1110 2830 Prte-

141 2879 240 2952 eoim
255 2872 451 2949 moriacltus
469 2869 592 2944 subtili
606 2871 720 2943 relatu
734 2872 765 2943 ei
780 2873 955 2946 veraciter
967 2874 1108 2951 intima·

141 2997 213 3070 uod
231 2993 424 3094 praedictus
439 2988 548 3063 abhas
566 2990 707 3089 cognati
726 2990 779 3061 sui
804 2989 923 3065 locum
946 3018 1023 3067 nou
1044 3019 1110 3092 per

140 3117 271 3189 litatem
284 3109 466 3197 ianaserit,
482 3108 541 3179 sed
557 3108 588 3178 vi
603 3108 778 3207 principis
789 3102 1014 3184 ct'iustinctu
1027 3136 1110 3183 ma-

141 3257 237 3307 urum
255 3252 402 3301 suorum
418 3223 640 3324 compulsus,
660 3223 827 3297 desolatte
839 3223 996 3298 ecclesiae
1014 3226 1112 3328 regi-

146 3351 281 3424 iuuitus
298 3342 504 3442 susceperit.

141 3466 259 3564 inique
279 3459 483 3534 llotlliertus
503 3454 612 3527 abbas
632 3454 819 3527 Nicolaum
841 3482 969 3556 papam
987 3458 1112 3532 llomte

141 3585 208 3668 ait,
232 3583 335 3681 eique
357 3603 495 3647 eattsatu
520 3573 657 3646 itineris
678 3573 730 3644 sui
753 3573 945 3672 diligenter
965 3577 1114 3651 iutima-

141 3698 182 3771 Αἱ
202 3697 260 3769 ille
276 3693 551 3794 ‹tntnpatrioturn
568 3715 671 3761 suum
686 3691 791 3787 (tiam
808 3716 939 3791 genere
957 3693 1114 3767 linricus·

141 3835 147 3899 t
163 3816 368 3911 benigniter·
383 3810 554 3906 suscepit,
573 3808 838 3907 ‹puerimoniam
852 3812 927 3910 ejus
940 3835 1023 3884 cum
1037 3813 1113 3912 pie-

141 4110 235 4161 paegus
251 4088 430 4141 tamtam:
439 4102 475 4138 ou
489 4086 602 4139 luentia
615 4085 653 4138 du
667 4084 776 4139 ‹tinet-m
785 4085 821 4140 de
832 4088 950 4153 lisirtts,
962 4088 982 4143 il
995 4092 1115 4147 couloual

141 4215 145 4231 .
158 4182 232 4235 «leus
246 4178 495 4251 circunscriptione.
