2768 5094
284 408 324 468 82
563 405 746 466 lllSl'OlllA
768 404 1073 467 Ecctsssltsttcn
1148 409 1350 491 [tout-tom}

285 526 446 598 Anslridi
464 523 736 598 Pratellensinm
754 523 893 597 abbatis
914 542 951 598 et
977 525 1169 599 Lanfranci
1198 529 1352 603 Beeoen·

285 645 377 715 sium
400 641 554 741 prioris,
583 640 804 741 aliarumque
833 667 1068 741 personarum
1096 643 1351 719 ecclesiastie-

284 787 376 833 rum·
394 757 596 833 Osbernum
624 758 922 832 cormeliensium
951 760 1110 858 priorem
1137 788 1158 833 a
1184 763 1352 838 llainerio

284 876 413 951 abbate
430 878 570 948 Sanctae
591 877 781 948 Trinitatis
805 875 849 950 de
871 877 997 951 Monte
1016 879 1214 980 Rotomagi
1235 884 1352 983 requi-

284 994 367 1065 sivit
376 1046 388 1081 ,
404 993 508 1092 eique
526 991 578 1064 nil
598 991 667 1064 tale
681 992 873 1092 suspicanti
891 1017 956 1090 per
970 991 1177 1066 cambutam
1195 998 1351 1070 Maurilii

283 1108 540 1207 archiepiscopi
559 1108 597 1179 in
619 1108 760 1207 synodo
777 1108 1030 1207 Rotomagensi
1055 1135 1182 1181 euram
1203 1112 1353 1186 Uticen-

283 1228 330 1299 sis
342 1224 781 1298 abbatiaecommendavit.
796 1222 931 1297 Deinde
941 1226 1046 1324 Hugo
1058 1232 1353 1329 episcopusjussu

282 1342 475 1416 duciseum
485 1342 647 1415 Pratellis
657 1341 816 1430 adduxit,
831 1339 953 1442 ibique
964 1341 1099 1432 subito,
1109 1347 1353 1422 nescientibus

282 1461 468 1533 monacbis
493 1459 614 1531 Sancti
643 1456 800 1546 Ebrulfi,
830 1455 997 1531 abbatem
1025 1462 1277 1553 consecravit,
1302 1491 1354 1539 se-

282 1603 437 1677 cumque
457 1594 578 1676 postea
595 1576 744 1650 Utieum
764 1575 931 1664 adduxit,
954 1594 990 1650 et
1008 1579 1150 1651 moestis
1176 1582 1354 1659 Uticensi·

283 1691 350 1765 bus
377 1720 421 1767 ex
452 1693 606 1792 imperio
632 1689 731 1763 ducis
758 1692 943 1790 imposuit.
972 1692 1027 1765 llli
1056 1710 1179 1767 antem
1206 1699 1352 1798 ancipiti

281 1810 488 1885 discrimine
506 1809 639 1882 anxiati
657 1824 755 1881 sunt.
774 1808 866 1880 Nam
885 1810 1028 1884 vivente
1044 1808 1174 1886 abbate
1192 1840 1278 1903 suo,
1295 1816 1353 1917 qui

281 1928 468 2029 praefatam
486 1926 670 2007 ecclesiam
686 1924 919 2015 fundaverat,
941 1952 1072 2029 eosque
1093 1928 1138 2002 ud
1161 1932 1353 2006 monacha-

282 2061 362 2118 tum
383 2060 606 2144 susceperat,
625 2059 661 2116 et
682 2042 759 2115 sine
779 2040 1028 2141 probabilibus
1050 2045 1166 2145 culpis
1189 2074 1270 2123 uon
1293 2076 1352 2150 pet

276 2163 453 2262 judicium
475 2161 627 2264 synodi,
650 2160 710 2233 sed
733 2186 800 2259 per
821 2161 1051 2260 tyrannidem
1072 2162 1234 2238 furentis
1259 2168 1352 2239 Mar·

281 2278 368 2352 ebisi
396 2280 453 2377 (t)
481 2276 648 2376 expulsus
678 2276 815 2364 fuerat,
842 2275 954 2347 alium
979 2274 1146 2351 abbatem
1173 2283 1376 2381 suscipere*

276 2393 514 2483 dubitabant,
532 2417 598 2464 nec
613 2390 731 2490 palam
751 2392 908 2465 refutare
926 2409 1078 2492 propter
1093 2394 1196 2468 ducis
1214 2399 1351 2472 animo·

278 2514 420 2585 sitatem
440 2508 629 2582 audebant.
649 2508 810 2581 Tandem
831 2511 984 2585 consilio
1005 2510 1167 2611 praedicti
1188 2515 1350 2614 praesulis

276 2631 462 2731 elegerunt
481 2629 555 2728 pati
575 2627 803 2714 violentiam,
823 2629 1006 2730 gratisque
1025 2627 1110 2705 dato
1132 2629 1203 2704 sibi
1223 2637 1348 2735 mugis-

278 2766 337 2825 tro
358 2746 527 2822 exhibere
554 2745 816 2835 obedientiam,
841 2749 934 2818 nesi
956 2753 1034 2821 sine
1052 2750 1142 2850 jugo
1166 2777 1350 2850 pemaue·

278 2885 378 2955 rent,
399 2867 462 2940 Dei
480 2864 707 2939 offenderent
720 2866 939 2963 potentiam,
956 2881 993 2939 et
1009 2865 1053 2940 ad
1066 2866 1348 2945 destructionem

277 2984 411 3059 novelli
434 2981 594 3055 coenobii
618 2982 821 3081 graviorem
836 2980 936 3055 ducis
956 2983 1241 3062 contradicendo
1258 2990 1349 3065 etci-

278 3117 397 3176 tarent
415 3097 713 3171 malevolentiam.

328 3219 443 3289 Porro
465 3212 643 3288 Ernaldus
664 3212 708 3286 de
730 3213 908 3288 Bsealloio
929 3216 1097 3314 injuriam
1116 3216 1347 3295 exhaeredita-

279 3336 389 3410 tionis
403 3358 475 3405 snoe
491 3332 622 3404 acriter
635 3329 853 3422 vindicabat,
867 3347 901 3404 et
920 3334 1068 3432 rapinis,
1083 3334 1345 3438 incendiisque,

280 3453 542 3551 bominumque
565 3448 722 3549 capturis
749 3448 804 3520 rel
827 3446 1066 3521 occisionibus
1093 3451 1346 3526 lexoviensem

282 3596 411 3669 pagum
432 3594 495 3668 per
511 3568 709 3640 triennium
727 3565 950 3666 inquietabat
968 3567 1039 3665 (2).
1060 3565 1225 3660 Quadam
1245 3587 1350 3645 nocte

319 3896 359 3962 (t)
374 3893 410 3945 Le
419 3890 473 3943 due
484 3888 655 3943 Gnillanme.

319 3985 359 4051 (a)
372 3981 396 4035 N
399 3990 458 4033 otre
472 3988 571 4032 autern·
588 3998 601 4031 a
616 3976 727 4050 neglige
745 3978 781 4033 de
795 3998 864 4035 noers
879 3981 1010 4056 indiquer
1022 3982 1057 4039 ‹le
1069 3984 1135 4059 quel
1148 3989 1230 4059 point
1241 3988 1348 4045 Fruaud

285 4069 473 4124 ‹l'l'rlranlonr
488 4069 599 4140 pertrait
608 4067 676 4122 faire
687 4087 731 4121 ces
740 4070 910 4135 intensiorem
925 4074 994 4127 mais
1007 4092 1076 4129 nom
1087 4093 1202 4132 verrons
1214 4078 1280 4151 plns
1291 4078 1348 4135 ned

285 4181 339 4235 qne
353 4160 443 4214 c'etait
456 4157 491 4213 de
505 4158 659 4226 Conrrille,
675 4162 737 4232 pres
750 4161 891 4217 Cliartres.
906 4166 995 4236 Apris
1007 4166 1084 4221 avoir
1095 4164 1242 4241 dissum
1253 4169 1349 4227 eid*
