2768 5094
156 423 216 479 272
432 419 616 479 lllSTOllll
637 419 941 483 Euctraiasrlca.
1056 424 1197 506 [uua-tu]

157 566 236 612 rere
259 536 467 612 nitebantur
475 567 486 626 ;
515 540 574 612 sed
601 540 693 638 ipse,
717 539 875 612 Domino
892 545 1066 638 jonate,
1086 542 1199 619 illaad

157 652 496 729 cunctamolimint
517 670 646 727 curum
669 652 922 742 frustrabatur.
954 657 1200 753 lmpfftem‘tu

156 770 192 840 in
213 768 389 839 virtutum
410 794 490 840 aree
510 768 627 856 stetit,
653 768 762 842 duros
781 767 921 844 labores
944 771 980 841 in
1000 778 1127 868 agone
1139 799 1202 870 per·

156 884 261 971 tulit,
284 884 550 986 diabolicosque
576 901 725 959 conatus
754 884 1006 984 pessumdedit.
1041 889 1202 988 'l'empon

156 999 331 1073 Coenredi
342 1001 433 1099 regis
448 1001 668 1074 Merciorum
681 1003 735 1098 (r)
748 1000 932 1074 Becelmus
944 1003 998 1098 (α’)
1015 1002 1204 1089 cloeicusal
1231 1060 1236 1075 .

155 1118 390 1191 occidendum
415 1119 532 1192 virum
558 1118 622 1191 Dei
646 1145 664 1189 a
692 1117 857 1193 daemone
884 1119 1114 1208 stimulatus,
1138 1119 1205 1192 dun
1242 1120 1245 1126 '

157 1235 273 1330 ipsum
291 1233 477 1321 tonderet,
503 1231 688 1307 abeodem
705 1236 907 1332 increpatus
925 1249 979 1308 est
994 1261 1065 1306 cur
1082 1250 1205 1308 tantan

155 1349 292 1423 lacinus
308 1351 345 1423 in
361 1349 469 1423 corde
477 1365 643 1450 gestaret.
659 1352 708 1422 At
719 1350 779 1424 ille
791 1377 877 1425 mox
889 1366 930 1422 ut
943 1376 979 1424 se
992 1367 1206 1450 proeventnu

155 1467 263 1554 vidit,
284 1467 496 1541 erubescens
513 1465 557 1539 ad
573 1468 679 1566 pedes
699 1469 810 1540 sancti
831 1465 976 1554 cecidit,
996 1466 1116 1543 scelus
1131 1466 1207 1541 fate-

156 1603 229 1673 tur,
255 1586 464 1685 veniamque
480 1600 660 1685 precetur,
678 1576 922 1684 *perceptaque
945 1584 1169 1685 indulgentia
1182 1614 1208 1657 se

156 1704 296 1777 socium
311 1703 405 1775 illius
422 1703 502 1779 fore
516 1702 721 1801 pollicetur.
1242 1698 1245 1714 ’

202 1820 339 1891 Corvus
364 1836 503 1918 raptam
524 1819 695 1891 cartulam
719 1820 756 1891 in
781 1817 900 1893 medio
921 1822 1038 1920 stagni
1063 1821 1209 1910 dimisit,

155 1962 221 2009 nec
232 1935 329 2008 illam
343 1937 379 2006 in
395 1935 572 2008 arundine
584 1933 800 2034 pendentem
815 1961 907 2035 aqua
917 1936 1060 2009 meritis
1073 1937 1209 2015 vitillti

154 2054 266 2141 laesit,
284 2080 393 2154 quam
411 2053 504 2125 idem
521 2054 689 2153 scriptori
707 2068 840 2126 moesto
856 2052 990 2126 salvam
1006 2052 1177 2128 reddidit.

204 2171 283 2242 Duo
306 2171 405 2244 corvi
425 2170 463 2241 in
481 2171 594 2242 insula
605 2170 777 2269 degentes
793 2168 900 2243 beato
921 2168 1209 2255 Guthlaco'valde

155 2285 274 2358 infesti
291 2303 407 2374 erant,
430 2287 477 2357 ita
495 2302 536 2357 ut
553 2285 728 2385 quidquid
741 2285 918 2386 frangere,
935 2312 1113 2385 mergere,
1131 2284 1209 2359 din'·

153 2428 260 2500 perc,
277 2404 523 2475 contaminare
538 2403 760 2500 potuissent,
790 2403 1028 2476 irreverenter
1046 2403 1144 2476 intus
1159 2401 1210 2476 fo-

153 2519 274 2617 risque
289 2517 497 2592 damnantes
512 2518 721 2617 perderent3
741 2546 832 2619 quoa
845 2521 902 2591 vir
918 2519 980 2592 llei
997 2545 1069 2618 pro
1080 2522 1210 2592 virtute

154 2633 336 2732 patientiae
367 2629 571 2733 benigniter
609 2631 796 2707 tolerabat.
835 2632 985 2707 inculta
1014 2632 1211 2709 solitudinis

154 2748 317 2823 volucres
330 2764 366 2823 ct
376 2748 574 2850 vagabundi
587 2774 744 2823 coenosae
757 2748 1021 2848 paludispisces
1034 2749 1079 2822 ad
1093 2775 1210 2825 vocem

154 2869 228 2964 ejus
247 2866 344 2940 velut
359 2867 403 2939 ad
418 2882 596 2966 pastorem
610 2867 709 2940 ocius
728 2882 891 2939 natantes
904 2865 1142 2967 volantesque
1156 2893 1212 2939 ve-

155 2980 303 3056 niebant
312 3036 323 3069 ,
339 2999 375 3055 et
389 2980 432 3055 de
444 3002 553 3055 manu
567 2986 640 3081 ejus
651 2983 800 3073 victum,
816 2997 926 3083 prout
936 2972 1212 3084 uniuscujusque

154 3113 281 3169 natura
299 3095 501 3197 indigebat,
521 3096 755 3197 accipiebant.

202 3214 378 3286 Praesente
400 3212 594 3286 venerabili
612 3214 692 3284 viro
710 3213 906 3300 Willrido,
925 3210 1068 3285 'duabus
1088 3210 1212 3285 himn-

153 3327 299 3402 dinibus
314 3329 511 3428 gaudenter
528 3329 630 3401 illum
646 3329 842 3402 secundum
858 3354 956 3400 suam
973 3344 1144 3411 naturam
1164 3331 1211 3399 vi-

154 3445 362 3533 sitantibus,
380 3463 510 3521 etcum
524 3463 632 3521 cantu
644 3445 799 3520 brachiis
815 3463 851 3520 et
867 3444 1037 3547 genibus,
1054 3449 1212 3549 pectori·

152 3591 223 3665 que
233 3565 329 3638 illius
337 3564 624 3652 considentibus,
643 3565 814 3640 festucam
829 3567 866 3637 in
881 3563 1065 3639 ventinula
1079 3567 1209 3663 posuit,

153 3683 252 3753 etsie
271 3681 395 3754 avibus
409 3684 535 3754 nidum
554 3683 590 3754 in
612 3710 672 3755 sua
689 3683 777 3757 cella
791 3681 999 3783 designavit.
1018 3680 1104 3755 Non
1118 3683 1212 3756 enim

155 3800 191 3869 in
207 3826 281 3869 casa
298 3797 465 3870 Guthlaci
481 3801 556 3872 sine
573 3799 714 3872 licentia
729 3803 802 3898 ejus
819 3799 1001 3872 nidificare
1019 3795 1208 3872 audebant.

153 3981 359 3989 --—--
840 3986 894 3994 -,,

187 4079 197 4144 l
202 4080 225 4144 ι)
243 4075 365 4140 (knmd,
378 4078 419 4129 roi
432 4074 467 4129 dc
477 4076 579 4131 lllcrcie
593 4078 745 4153 (pol-708).

185 4168 223 4234 (Ἰ)
241 4165 313 4218 Lisea
330 4190 335 4217 :
353 4164 521 4219 Becceliuus⁴
