2768 5094
10 418 189 494 [ew-unu
200 418 292 494 1000]
387 412 504 477 mm
524 412 703 475 TERTIUS·
1016 413 1074 476 ¹³7

10 534 228 610 mortalibus
245 533 307 608 ubi
326 551 417 609 esset
441 534 688 636 ignorabatur,
703 549 747 608 nt
762 558 827 634 per
843 534 963 606 visum·
977 522 1080 607 insti·

10 667 117 751 gatus
135 650 272 738 sumt,
294 651 387 724 intra
402 650 585 726 ecclesium
601 674 764 751 quaerere
780 649 912 748 eoepit,
929 664 968 723 et
990 639 1080 721 insi·

10 781 150 840 ouante
159 765 540 868 PridianoSigemuno,
552 766 597 840 ad
606 765 787 840 dexteram
798 764 964 838 altarisS.
979 763 1079 837 Mar-

10 884 79 955 tini
97 881 357 985 sarcophagum
371 885 525 959 invenit.
542 885 690 958 Cunctis
700 883 783 964 inde
793 879 1030 984 gaudentibus
1041 896 1079 956 et

10 996 88 1071 Deo
106 997 226 1072 laudes
242 998 475 1089 osnentibus,
494 997 674 1073 defossum
690 1014 744 1073 est
761 1024 843 1072 cum
861 1013 984 1073 saneto
1001 1020 1081 1072 cor*-

10 1140 101 1214 pore
119 1115 340 1191 mausoleum
357 1134 394 1190 et
420 1145 439 1189 a
466 1132 558 1191 terra
582 1115 777 1190 sublatum.
796 1116 873 1189 lloc
890 1115 983 1189 fama
999 1139 1080 1215 ρισ-

10 1232 77 1304 sim
87 1232 268 1334 divulgat,
278 1235 422 1335 eopiosa
432 1231 533 1333 plebs
542 1232 702 1334 undique
711 1247 900 1332 properat,
912 1247 955 1303 ut
964 1231 1076 1304 sancti

10 1351 177 1448 eorporis
193 1350 408 1426 levationem
422 1350 556 1439 videat,
574 1367 613 1425 et
628 1352 661 1424 ei
675 1365 757 1426 vota
772 1377 855 1425 curn
867 1345 1079 1424 muneribus

10 1465 153 1539 afferat.
175 1467 291 1540 Multa
310 1466 444 1543 ibidem
459 1469 552 1541 facta
573 1485 659 1542 sunt
675 1467 866 1559 miracula,
883 1483 922 1540 et
942 1464 1079 1538 multu·

10 1608 92 1655 rum
104 1598 228 1656 curata
239 1600 325 1659 sunt
335 1585 588 1659 infirmitatum
598 1580 1074 1686 genem.'l'andemv111·lul.

10 1701 149 1799 rugusti
173 1726 304 1802 eorpus
323 1704 435 1776 sancti
459 1703 589 1777 Jndoei
609 1719 824 1777 veneranter
844 1702 1004 1801 positum
1024 1714 1079 1774 est

10 1841 120 1917 super
136 1814 247 1891 altare
261 1821 375 1891 sancti
392 1819 554 1894 Martini.

58 1933 144 2032 lpso
156 1958 254 2007 anno
268 1932 399 2008 ibidem
414 1938 672 2011 monasterium
686 1964 704 2009 a
719 1936 962 2011 fundamentis
976 1959 1077 2035 ooep·

10 2073 89 2122 tum
102 2065 179 2138 est,
195 2064 231 2123 et
246 2051 490 2126 monastiohus
506 2051 599 2127 ordo
615 2055 769 2152 reparari
788 2069 929 2153 coeptus
945 2067 1019 2144 est,
1039 2067 1077 2126 et

10 2165 228 2241 reverendus
241 2163 348 2240 abbas
360 2167 600 2269 Sigebrandus
613 2169 830 2244 constitutus
839 2184 904 2242 est.
916 2167 1075 2260 Quadam

10 2299 120 2357 nocte
129 2282 216 2356 dum
223 2309 354 2384 eorpus
366 2286 404 2356 S.
417 2284 544 2358 Judoci
559 2301 760 2360 servaretur
769 2292 806 2358 in
814 2285 958 2358 ecclesia
969 2285 1007 2357 S.
1017 2286 1080 2358 l’e·

10 2401 79 2488 tri,
99 2423 154 2472 vu
172 2401 263 2474 oerei
281 2416 364 2474 unte
380 2401 549 2501 reliquias
566 2416 692 2490 erant,
711 2427 870 2502 quorum
886 2427 979 2473 unus
992 2415 1079 2473 uu-

10 2539 89 2590 tum
106 2514 153 2589 ab
170 2517 304 2593 aedituo
323 2520 486 2592 incensus
503 2535 598 2605 τηις
618 2520 748 2621 reliqui
766 2544 853 2595 vero
873 2547 933 2594 sex
953 2532 1080 2593 custo-
1190 2564 1194 2571 <

10 2633 117 2708 libus
128 2635 392 2710 dormientibus
409 2638 554 2710 coelitus
569 2640 704 2712 accensi
723 2654 820 2711 sunt.

56 2755 120 2826 Sic
142 2752 207 2827 ulia
223 2756 301 2828 vice
322 2756 358 2827 in
377 2755 522 2829 eeclesia
541 2782 600 2828 sna
621 2782 751 2856 corpus
770 2760 807 2830 S.
826 2757 952 2831 Judoci
974 2771 1075 2842 erut3

10 2886 188 2970 praesume
198 2870 389 2971 sigemano
402 2868 544 2958 lumen,
557 2870 655 2971 quod
666 2871 700 2942 vi
716 2887 908 2945 ventorum
922 2890 958 2945 et
973 2873 1079 2945 inan·-

10 2987 155 3062 datione
167 2985 371 3089 pluviarum
382 2990 584 3061 extinctum
599 3003 695 3078 erat,
709 2987 884 3062 divinitus
898 2989 1077 3062 illumiua-

10 3122 87 3178 tum
105 3121 173 3179 est.

56 3222 249 3297 Dominico
258 3277 269 3311 ‚
288 3224 375 3298 dum
391 3223 578 3299 Pridianus
595 3228 736 3298 missam
752 3226 964 3301 solemniter
979 3223 1076 3300 aele-

10 3338 158 3428 bnbat‚
176 3339 322 3442 qnidam
340 3368 456 3415 vassus
474 3343 633 3415 Hilduini
653 3343 796 3414 comitis
816 3344 964 3416 nomine
979 3341 1078 3414 Gus-

10 3454 311 3531 rembertusmalu
321 3459 507 3533 voluntate
516 3460 643 3559 plenus
654 3474 745 3548 erat,
757 3460 905 3558 cupiens
914 3457 958 3531 de
969 3457 1076 3531 rebus

10 3573 119 3644 sancti
137 3598 221 3674 qum
238 3573 345 3647 vellet
363 3575 541 3649 violenter
556 3574 697 3648 aufem
706 3629 719 3663 ,
744 3590 781 3647 et
807 3574 998 3675 Sigemsno
1011 3572 1078 3648 de-

10 3688 113 3785 pulso
127 3687 282 3761 alterum
298 3689 372 3761 suis
386 3690 549 3763 moribus
565 3691 852 3766 consentientem
866 3687 1074 3791 subtergere.

10 3804 100 3876 Eum
111 3829 200 3903 ergo
213 3805 250 3878 in
259 3805 455 3906 Evangelio
469 3805 600 3905 legitur
612 3838 621 3878 ε
634 3808 680 3880 Ut
691 3807 785 3908 quid
793 3809 965 3908 cogitatis
975 3806 1077 3881 mala

10 3925 43 3989 in
65 3920 240 3993 cordibus
263 3925 393 3994 vestris
411 3921 507 4020 (r)'l,
527 3925 638 4024 erupit
656 3926 764 3998 miser
780 3924 850 3997 alte
864 3922 1076 4009 vociferari,

13 4092 16 4097 ·
27 4091 100 4101 —m-
105 4091 132 4100 n—
139 4090 325 4104 acuunt—nno..-

40 4190 79 4237 ῑι,
101 4182 213 4243 Νικὼ..
228 4201 267 4244 ιι,
282 4191 306 4248 l.
