2768 5094
55 378 115 441 rut
332 373 516 434 msroau
540 372 848 433 trerminum.
1036 378 1126 453 [usa
1177 384 1229 439 aa·

54 495 308 573 seobsideutes
323 491 535 593 abegerunt.
554 492 790 593 Fugientibus
802 492 903 568 obvii
918 492 1127 569 Guillelmu
1175 526 1229 597 up

54 630 92 689 et
109 614 289 686 Brieunus
307 610 434 711 grandi
454 608 551 684 caede
570 610 812 684 temeritatem
830 611 1056 709 punierunt.
1175 642 1229 687 a:

104 733 179 804 Rex
215 729 363 802 interim
396 727 492 827 apud
528 727 690 803 Estalort
721 729 777 826 (ι)
810 754 922 829 quam
959 726 1128 829 plurimos
1172 760 1229 831 ’.ς-ξ

52 848 288 924 factiosarum
315 846 474 944 partium
501 843 597 916 facili
626 862 807 944 proventu
831 845 985 919 delevit.
1011 847 1055 919 ln
1084 862 1128 921 tot
1173 876 1229 947 tp

54 963 312 1042 certaminibus
343 963 487 1063 sanguis
517 964 702 1061 utrimque
736 962 873 1034 multus
907 962 1128 1049 effunditur,
1177 995 1229 1061 p,-

55 1100 90 1159 et
116 1100 189 1157 tam
216 1081 364 1154 inermis
390 1104 500 1179 quam
522 1093 657 1150 armata
679 1077 780 1178 plebs
800 1079 953 1151 diversis
981 1079 1130 1153 infortu-
1174 1086 1229 1157 ltu

44 1202 124 1274 uiis
146 1196 330 1273 hincinde
350 1194 602 1269 miserabiliter
623 1197 847 1272 concutitur.
869 1200 945 1270 Lex
967 1198 1036 1273 Ilei
1058 1224 1130 1298 pas-
1176 1232 1229 1277 „n

53 1321 121 1391 sim
144 1316 314 1401 violatur,
333 1329 370 1387 et
390 1312 645 1387 ecclesiasticus
662 1314 764 1412 rigor
787 1340 880 1412 pene
896 1311 945 1387 ab
962 1314 1130 1389 omnibu
1176 1346 1229 1391 ιιι

53 1434 273 1509 dissolvitur.
289 1430 412 1503 Caedes
429 1431 644 1504 miserorum
663 1429 975 1531 multiplicantur,
987 1434 1128 1507 animae·
1177 1442 1229 1512 :ft

55 1577 127 1653 que
154 1548 361 1649 cupiditatis
394 1563 430 1620 et
464 1547 527 1619 iroe
559 1546 715 1618 stimulis
746 1549 977 1637 sauciantur,
1013 1565 1053 1623 et
1078 1576 1129 1621 ct·
1181 1585 1229 1629 ῃ

54 1666 222 1743 terratim
247 1665 330 1737 hinc
359 1662 442 1737 iude
468 1662 512 1734 ad
539 1662 679 1737 inferna
706 1680 911 1762 raptantur,
938 1664 1128 1741 damnante
1156 1652 1229 1783 'pte

53 1786 153 1871 Deo,
176 1785 276 1881 cujus
290 1780 423 1880 judicia
442 1781 721 1879 essejustissima
738 1780 1046 1882 comprobantur.
1061 1786 1126 1858 tta
1177 1818 1229 1881 μ-

55 1900 271 1979 Guillelmus
295 1924 378 1970 cum
399 1924 419 1970 a
443 1896 603 1973 Lindisse
626 1912 880 1985 reverteretur,
909 1901 1066 2003 reliquit
1085 1900 1126 1974 iti
1177 1880 1229 1980 -J

55 2042 266 2119 germanum
297 2040 403 2086 suum
433 2012 661 2087 Rodbertum
693 2015 985 2089 Moritoliensem
1022 2020 1128 2091 comi·
1176 2050 1226 2115 ῃ-

55 2152 183 2211 temet
201 2132 426 2207 Rodbeuum
446 2131 644 2205 ducensem
669 2134 750 2232 (α),
772 2135 834 2233 qui
850 2133 1057 2219 ,Danorum
1074 2162 1127 2209 er·
1178 2166 1229 2212 :a

55 2255 238 2326 cursiones
253 2266 432 2323 arcerent.
447 2250 538 2322 Daui
552 2249 773 2349 aliquamdiu
788 2249 980 2325 delituere.
997 2252 1127 2327 Verum
1159 2260 1229 2347 ,Fla

54 2386 248 2471 postquam
285 2381 359 2437 tuta
394 2381 480 2438 sunt
509 2366 678 2466 opinati,
713 2368 890 2441 conviviis
922 2370 1128 2467 provincia·
1188 2410 1229 2451 η

54 2486 144 2558 lium
158 2485 259 2583 (quae
272 2482 379 2582 vulgo
393 2481 535 2553 firmam
549 2486 602 2580 (3)
622 2482 826 2581 appellant)
846 2481 978 2571 illecti,
1000 2484 1046 2558 ad
1063 2502 1128 2559 ter-
1178 2526 1229 2567 „vg

55 2627 133 2674 rum
164 2598 413 2697 egrediuntur.
445 2595 566 2670 Ambo
595 2599 744 2671 comites
771 2625 814 2671 ex
842 2599 1047 2698 improviso
1075 2628 1129 2675 uos
1180 2638 1229 2685 a.

56 2716 251 2801 invadunt,
264 2712 385 2812 epulas
400 2739 530 2787 cruore
541 2712 793 2802 confundunt,
809 2716 948 2788 instant
959 2718 1129 2818 trepidis,
1179 2734 1229 2805 'at

55 2835 100 2908 ad
116 2860 224 2907 nares
241 2857 354 2931 usque
371 2829 543 2904 caedendo
559 2830 737 2929 fugientes
758 2848 1045 2933 persequuntur.
1071 2836 1132 2907 tti-
1182 2874 1229 2921 a:

56 2951 225 3051 vulgatur
243 2951 375 3021 iterum
393 2946 534 3021 eosdem
554 2947 777 3022 latrunculos
798 2946 1010 3025 Eboracum
1027 2952 1132 3026 ndre-
1184 2990 1229 3039 ·.··:

58 3068 158 3158 nire,
178 3092 247 3165 qua
266 3064 429 3139 Natalem
447 3063 679 3136 Dominicum
698 3062 902 3152 celebrent,
923 3092 1075 3169 seseque
1090 3070 1130 3141 ad
1191 3114 1229 3155 Ε..

56 3182 296 3288 preliandum
316 3197 532 3281 praeparent.
556 3184 757 3282 Properans
779 3184 842 3257 illo
859 3211 922 3257 rex
941 3211 963 3259 e
979 3186 1132 3262 Suotiu-
1191 3230 1229 3271 ·‚·.-

56 3302 184 3404 gellam
209 3303 288 3398 (l),
316 3299 541 3399 praepeditur
565 3299 609 3372 ad
634 3300 660 3372 F
663 3303 895 3377 raeti-Pontis
919 3306 976 3403 (5)
1003 3332 1131 3406 aquam
1193 3346 1229 3385 a,

1197 3434 1229 3501 l:

108 3632 116 3667 r
148 3605 277 3665 Stallonl.

92 3612 132 3772 l²l
152 3697 275 3759 Robert,
290 3703 381 3747 comte
393 3691 429 3745 de
444 3692 583 3759 uorum,
598 3693 672 3749 ltere
684 3692 1019 3765 attenuandam,
1034 3708 1065 3755 et
1076 3696 1132 3753 llo-
1211 3696 1229 3717 '⁴

58 3794 137 3856 hert,
152 3798 243 3843 comte
258 3785 340 3839 d'Eu.
1186 3768 1189 3773 '
1212 3812 1229 3855 7

92 3876 133 3951 (3)
150 3879 186 3933 La
196 3874 360 3949 synonymis
371 3869 515 3925 ttabtieici
526 3889 576 3943 par
588 3880 668 3925 notre
680 3882 781 3926 auteur
789 3883 832 3926 est
844 3873 1132 3950 ,uruitementjm

58 3970 153 4043 Voyez
167 3969 298 4035 llucange
311 3973 338 4017 et
350 3959 481 4034 spelman
495 3978 531 4014 au
545 3962 710 4033 motfirma.
1225 3956 1229 3961 “

92 4063 133 4131 (l)
151 4054 346 4125 Nottinglram.

91 4148 131 4219 (5)
149 4143 323 4207 pontesium,
336 4140 406 4195 dans
419 4139 444 4193 le
456 4138 660 4213 tvm-tuding
671 4138 711 4193 du
722 4144 815 4195 cumte'
825 4138 940 4195 d’l'ork.
