2768 5094
41 436 156 512 rsus]
426 429 541 491 trouu
563 430 746 506 Qururus.
1055 430 1115 492 iso

44 553 142 625 tibus
168 556 244 626 suis
274 577 461 652 nunquam
491 552 580 624 uelis
609 578 669 624 eos
695 552 915 639 diminuere,
946 577 1013 623 nec
1042 550 1114 622 ali-

48 696 161 769 quam
180 675 235 743 eis
258 669 470 743 uiolentiam
488 694 559 771 per
580 668 742 742 subditos
767 687 845 741 tuos
868 671 1029 770 patioris
1055 671 1115 740 in-

28 789 153 882 ferre.
174 786 257 889 Ipsi
273 789 466 874 nimirum,
485 789 520 860 si
528 785 636 887 fitius
642 783 778 884 fautor
796 812 916 859 eorum
935 786 1114 859 studueris

51 931 143 994 esse,
158 903 404 977 indesinenter
414 904 533 975 Deum
544 902 749 976 erorabunt
762 928 832 1004 pro
850 920 893 975 te.
910 903 1113 1001 Nunquam

52 1024 165 1119 igitur
186 1046 269 1109 eos,
291 1022 365 1092 sive
388 1043 444 1093 nes
464 1046 587 1092 eorum
608 1021 692 1092 odio
713 1019 866 1105 habeas,
893 1019 959 1091 sed
977 1044 1118 1119 semper

51 1136 188 1237 diligas
195 1166 208 1223 ,·
230 1155 265 1209 et
289 1141 325 1210 si
345 1138 526 1209 Dominus
552 1136 618 1208 tibi
639 1143 753 1209 uitam
774 1162 819 1210 oc
837 1139 1116 1238 prosperitatem

51 1251 209 1342 dederit,
228 1277 433 1325 accrescere
439 1253 587 1348 focius.
607 1254 701 1325 Hoec
717 1255 840 1351 itaque
855 1258 887 1325 si
905 1252 1116 1325 custodieris

52 1385 84 1437 et
98 1370 262 1467 jeceris,
291 1367 570 1440 benedictionem
593 1370 685 1457 Dei,
714 1395 823 1466 quom
851 1372 971 1440 suncti
987 1382 1116 1467 patres

54 1485 167 1554 nostri
188 1481 392 1555 ltaeoedibus
420 1488 494 1555 suis
513 1483 748 1583 reliquerunt,
769 1510 816 1555 er
838 1495 943 1582 purte
960 1486 1032 1554 Dei
1051 1481 1118 1554 tibi
1188 1484 1196 1499 '

55 1597 232 1687 concedo,
262 1617 296 1670 et
325 1617 366 1670 ut
389 1626 498 1698 super
529 1616 562 1669 te
591 1601 712 1671 veniat
742 1617 776 1669 et
804 1616 969 1681 maneat,
997 1599 1117 1670 Deum

55 1743 178 1786 erroro.
204 1716 247 1786 Si
270 1742 353 1788 uero
374 1742 495 1802 secus,
522 1717 620 1814 quotl
640 1714 752 1804 obsit,
776 1721 889 1811 egeris·
897 1749 913 1800 ;
936 1713 1118 1786 moledic-

55 1837 187 1904 tionem
213 1859 261 1903 er
279 1839 493 1905 auctoritate
511 1831 582 1903 Dei
603 1847 636 1903 et
657 1848 862 1906 sanctorum
880 1836 1032 1904 Patruru
1052 1831 1120 1902 tibi

57 1950 233 2049 relinquo.

103 2067 222 2137 Finita
249 2092 334 2139 vem
358 2065 401 2138 ad
428 2067 541 2140 filium
568 2066 631 2139 hac
661 2070 845 2155 oratione,
876 2063 1118 2139 memorabilis

58 2180 161 2252 heros
177 2179 367 2254 odelinam
388 2207 535 2254 uxorem
556 2207 654 2253 suom
679 2184 738 2254 tati
761 2182 966 2282 aggreditur·
983 2180 1120 2252 allocu-

58 2298 154 2366 tione
169 2324 179 2365 z
198 2297 318 2368 Grata
326 2322 429 2369 soror
437 2315 471 2368 et
483 2296 652 2369 ttnmbilis
662 2301 826 2396 conjunx
839 2296 1010 2383 Odeiina,
1025 2320 1121 2393 qua*-

56 2439 111 2495 so,
133 2438 216 2483 meu
239 2410 437 2510 benigniter
456 2438 552 2486 nuno
573 2415 715 2487 euattdi
729 2420 953 2515 precamina.
975 2413 1118 2484 Hacte-

57 2556 120 2600 nus
133 2532 300 2627 conjugii
297 2530 417 2624 Jielem
429 2548 555 2603 mutuo
567 2533 669 2605 nobis
683 2533 838 2631 legitime
849 2529 1118 2616 custodivimus,

57 2651 178 2718 usiae
186 2645 315 2743 litigio,
324 2653 488 2747 turpique
496 2650 640 2748 querela
643 2650 731 2750 plus
741 2674 852 2747 quom
860 2650 991 2747 viginti
998 2649 1118 2735 annis,

57 2762 258 2862 opitulante
271 2764 363 2852 Deo,
377 2766 486 2836 simul
498 2768 670 2837 vt'ximus.
682 2771 886 2838 Honestum
893 2764 1048 2837 sobolem
1052 2789 1123 2863 per

56 2880 259 2978 legitimum
272 2882 441 2983 copulam
452 2890 642 2982 genuimus
648 2917 664 2967 ;
679 2909 786 2981 quum
804 2899 842 2953 ut
853 2880 1044 2953 salubriter
1056 2904 1121 2951 suo

60 2998 225 3069 Creatori
249 2996 437 3088 subdatur,
467 2999 605 3073 sedulis
635 3005 759 3072 incites
786 2998 996 3071 hortatibus.
1023 2995 1123 3070 Ecce

59 3116 173 3187 ducor
189 3115 244 3188 ud
259 3132 421 3189 extrema
430 3173 442 3204 ,
461 3135 495 3189 et
509 3118 763 3224 uelim‘nolim,
783 3121 901 3189 mortis
919 3115 1122 3217 appropin-

60 3258 126 3328 quo
144 3232 317 3332 confinia.
339 3234 438 3306 Ecce
453 3239 566 3336 juata
588 3261 717 3307 morem
742 3237 915 3305 universa
931 3235 1051 3304 camis
1067 3229 1123 3300 di·

60 3347 173 3434 labor,
187 3366 222 3418 et
232 3374 417 3422 commuue
430 3350 589 3423 debitum
600 3351 797 3452 persolvero
810 3349 1014 3451 compellor.
1026 3346 1122 3420 Nolo

61 3484 91 3534 te
103 3491 174 3565 per
190 3465 304 3536 multa
317 3468 527 3566 pertrahere
541 3468 739 3567 colloquio.
757 3472 849 3539 Cum
864 3472 942 3539 vito
957 3485 1019 3538 tuo
1035 3464 1124 3536 mul·

61 3586 101 3651 tis
115 3583 287 3653 doctrino
298 3587 416 3682 possit
429 3610 504 3657 esse
510 3642 522 3673 ‚
540 3584 607 3657 ltoe
617 3586 732 3657 solum
745 3588 926 3656 consuetis
939 3583 1039 3655 lrout's
1053 3585 1123 3654 tuis

60 3700 174 3788 uelde,
191 3718 230 3770 ut
241 3701 373 3774 amodo
387 3721 491 3775 costa
504 3709 606 3775 vivas
625 3708 662 3775 in
676 3723 804 3776 sancta
817 3703 1010 3775 uiduitate.
1027 3699 1125 3772 Milti

64 3842 143 3887 uero
161 3815 310 3888 licentio
327 3816 434 3889 detur
451 3848 475 3891 n
499 3839 530 3891 te
554 3837 593 3891 ut
614 3820 809 3894 monachus
822 3820 939 3918 fiam,
962 3837 995 3891 et
1015 3817 1119 3890 intlu-

61 3952 179 4003 rnenta
200 3940 320 4003 sancti
335 3943 454 4034 putris
479 3938 684 4025 Benedicti,
714 3940 877 4036 qttumvis
899 3940 970 4009 sint
993 3941 1119 4035 nigro,

61 4050 192 4118 relictis
218 4051 341 4121 saculi
364 4057 547 4152 pomposis
578 4056 747 4139 eustt'bus,
777 4058 970 4154 (rccipiunt.
1003 4056 1122 4154 Cupio

59 4193 178 4234 ron-uus
201 4164 364 4264 udtpisai
379 4176 556 4240 ruusortiu
564 4226 575 4256 ,
598 4173 661 4268 qui
675 4200 743 4269 pro
764 4176 782 4239 (
789 4172 906 4243 'luisto
924 4170 1125 4267 relinquunt
