2768 5094
26 447 201 531 ruant]
408 444 524 509 trena
544 445 736 524 Quaeres.
1039 448 1094 508 su

31 569 135 642 tione
147 567 350 657 lassaretur,
367 593 411 639 en
426 562 712 655 Bartholomaeus
726 560 816 636 lidus
829 560 971 661 adjutos·
982 578 1098 638 matu·

35 687 119 759 tinia
136 685 268 788 vigiliis
286 684 433 758 instanti
450 683 567 783 palam
582 694 743 782 apparet,
762 695 800 755 et
814 682 1003 780 praeceptis
1023 684 1100 782 spi·

34 798 226 876 ritualibus
258 802 496 902 trepidantem
531 800 764 886 eonfortans,
797 797 970 870 auxilium
999 800 1029 872 ei
1061 800 1099 873 in

35 917 205 992 omnibns
218 917 390 1018 spondet,
408 917 498 990 etin
516 914 639 989 multis
654 912 914 989 tentationibus
926 914 1100 1012 promissa

35 1061 94 1109 sna
111 1035 268 1110 fideliter
283 1034 453 1133 eomplet.

80 1150 162 1223 Atia
176 1150 237 1224 die
255 1146 329 1224 duo
346 1151 528 1223 daemones
550 1151 589 1223 in
612 1147 801 1221 hominum
819 1147 936 1246 specie
954 1146 998 1218 ad
1016 1173 1098 1220 eum

36 1269 210 1354 veniunt,
247 1293 401 1369 eumque
437 1281 615 1340 tentantes
652 1281 692 1338 ut
722 1267 876 1338 nimium
904 1266 1101 1364 jejunando

36 1385 191 1484 Moysen
214 1398 251 1458 et
273 1384 406 1473 Elium,
434 1384 593 1483 aliosque
620 1384 809 1483 AEgyptles
839 1398 955 1481 patres
978 1383 1100 1456 imita·

37 1515 149 1589 retur,
174 1501 341 1574 incitant.
362 1501 410 1573 At
430 1499 488 1573 ille
511 1500 663 1599 psallens
686 1502 723 1573 in
741 1514 991 1599 contemptum
1015 1500 1100 1575 illo—

38 1641 116 1688 rum
133 1614 290 1689 ordeicei
309 1617 410 1713 panis
424 1614 599 1715 particula
615 1615 707 1686 vesei
725 1615 852 1714 coepit.

81 1732 289 1833 Aliquando
299 1732 384 1805 dum
397 1734 454 1803 vir
467 1732 529 1804 Dei
545 1730 693 1832 pervigil
707 1730 875 1830 precibus
887 1732 1099 1832 intempesta

38 1862 142 1923 nocte
163 1851 362 1939 insisteret,
379 1865 536 1923 catervas
554 1849 762 1925 daemonnm
783 1849 943 1950 undique
961 1849 1097 1950 ingredi

37 1965 160 2039 uellam
181 1991 280 2039 suam
299 1966 409 2040 ridet.
436 1966 552 2059 Quem
574 1966 688 2065 ligatis
706 1965 877 2039 membris
900 1982 998 2039 extra
1026 1968 1100 2040 cel-

38 2081 104 2153 lam
132 2079 294 2169 ducunt,
327 2098 364 2154 et
396 2082 432 2153 in
462 2105 646 2153 coenosam
670 2079 837 2180 paludem
866 2083 1097 2181 immergunt.

40 2196 174 2273 Deinde
183 2223 249 2299 per
262 2196 398 2298 paludis
411 2198 604 2297 asperrima
619 2196 694 2270 loca
710 2199 805 2271 inter
815 2196 921 2271 densa
935 2198 1099 2298 veprium

39 2315 169 2387 vimina
182 2329 389 2414 oportent,
405 2329 442 2387 et
454 2329 536 2414 post
548 2312 837 2389 dilacerationem
851 2313 1099 2389 membrorum

38 2428 79 2503 de
109 2456 234 2504 eremo
268 2430 369 2504 illum
392 2428 571 2504 discedere
602 2431 793 2530 imperant.
824 2431 905 2524 Quo
931 2430 1100 2518 nolente,

38 2545 267 2619 sorciacum
292 2546 411 2647 flagris
432 2545 641 2633 verberant,
668 2572 709 2618 ac
733 2562 815 2646 post
836 2549 993 2648 ingentia
1021 2561 1102 2619 tor-

39 2682 157 2739 meuta
181 2667 277 2738 inter
299 2663 463 2738 nubifera
488 2665 595 2765 gelidi
616 2667 706 2738 aeris
732 2667 841 2765 spatia
868 2664 1100 2751 subvectant,

40 2783 192 2885 indeque
214 2809 234 2856 a
254 2783 524 2883 septentrionali
548 2781 648 2883 plaga
673 2784 870 2857 innumeris
894 2782 1102 2857 daemonum

40 2900 169 2971 tarmis
183 2898 457 2975 adventantibus
474 2924 587 2999 usque
598 2897 642 2971 ad
654 2899 794 2971 Tartari
812 2898 929 2971 lauces
945 2900 1099 2972 minant.

39 3019 143 3090 Tunc
169 3015 366 3089 Guthlacus
390 3018 473 3089 risis
499 3017 673 3117 gehenne
699 3016 818 3115 poenis
841 3032 1012 3104 terretur,
1042 3015 1102 3090 ted

39 3136 145 3206 minis
163 3132 370 3207 daemonum
387 3135 603 3234 contemptis
623 3133 665 3207 ad
679 3137 792 3207 Deum
805 3134 1012 3208 medullitus
1027 3160 1102 3207 sna·

40 3253 146 3347 pis-at.
162 3248 237 3321 Ncc
250 3274 349 3322 mora
363 3251 400 3321 S.
417 3248 699 3322 Bartholomaeus
713 3251 849 3323 coetesti
865 3249 1104 3349 lueesplentli·

39 3371 102 3437 «los
122 3367 174 3438 illi
195 3367 310 3454 adest,
333 3383 467 3439 etcum
487 3394 613 3467 magua
635 3369 755 3468 quiete
773 3366 817 3439 ab
835 3368 919 3466 ipsis
941 3365 1103 3440 hostibus

42 3484 159 3555 reduci
183 3483 226 3556 ad
245 3486 429 3583 propriam
453 3485 569 3557 sedern
587 3483 704 3583 jubet.
734 3483 787 3554 llli
813 3510 899 3558 cero
921 3499 1103 3583 gementes

42 3599 193 3697 spmtoli
204 3602 308 3697 jaasia
321 3599 584 3685 obsecundant,
606 3617 642 3672 ct
655 3600 768 3700 angeli
783 3602 975 3701 gaudentes
990 3598 1104 3672 dulci·

46 3732 99 3787 trr
112 3719 145 3788 ci
159 3715 301 3789 obviam
317 3733 461 3791 mount
483 3750 490 3788 ε
514 3719 622 3789 Ibunt
635 3721 756 3791 suncti
767 3718 812 3788 dr
825 3721 955 3790 uirtute
973 3722 1010 3789 in
1023 3719 1104 3790 vir-

45 3855 149 3906 tutem
165 3839 233 3931 (ι).

91 3951 277 4023 ,llultotirs
293 3968 325 4021 rt
343 3952 466 4023 multis
480 3950 594 4025 modia
607 3950 1015 4025 damoncsGutlrlacnm
1035 3971 1106 4027 tcr·

482 4125 505 4132 a·
522 4124 586 4133 κι-
601 4124 652 4134 -0
682 4123 760 4132 ..ι-ι..
781 4126 786 4130 .
802 4123 882 4133 ..ι-ο.

94 4235 113 4267 ¹.-
137 4201 235 4253 l'ultn.
253 4210 391 4261 tutinus
