2768 5094
270 360 331 418 ssa
546 355 730 416 msroun
753 353 1059 416 seciusnsnci.
1248 355 1333 435 [¹⁰⁷¹]
1372 352 1384 422 1·

271 475 485 552 comitatum
509 473 726 549 Northwici.
749 474 894 573 Hugoni
919 499 1005 548 vero
1030 472 1076 546 de
1099 469 1337 546 Grentemais·
1383 468 1384 478 ’

271 592 362 666 uilio
395 590 659 688 municipatum
695 593 934 689 Legrecestrae
961 592 1018 690 (i)
1054 588 1337 678 commendavit,

270 707 418 807 aliisque
437 704 622 778 nobilibus
639 705 725 776 viris
742 706 983 804 municipatus
999 703 1152 777 urbium
1168 720 1210 778 et
1225 708 1340 804 prasi-

270 822 374 894 datus
393 848 475 893 cnm
497 822 636 921 magnis
653 819 855 894 honoribus
877 838 914 894 et
937 820 1183 921 potestatibus
1205 819 1343 921 provi&

271 935 469 1009 distribuit.
490 938 648 1010 ilenrico
664 935 888 1010 Guaichelini
908 938 952 1011 de
971 937 1148 1011 Ferrariis
1175 937 1258 1011 titio
1276 964 1345 1011 cas·

272 1070 370 1127 trum
390 1053 625 1127 Stuteshuriae
648 1055 705 1153 (2)
729 1054 845 1154 (qnod
868 1058 973 1155 Hugo
996 1055 1041 1129 de
1057 1055 1238 1129 Abrincis
1255 1058 1345 1156 pri·
1382 1052 1384 1080 *

272 1171 457 1268 tenuerat)
482 1171 677 1259 concessit,
699 1170 848 1270 aliisque
865 1170 1028 1260 advenis,
1050 1173 1116 1272 qui
1138 1170 1214 1244 sibi
1235 1171 1345 1248 osbe-

273 1305 413 1377 serant,
429 1316 577 1388 magnos
590 1305 627 1361 et
639 1287 774 1361 multos
792 1287 948 1362 bonores
962 1288 1141 1377 contutin
1157 1305 1199 1361 et
1217 1290 1257 1362 in
1271 1304 1345 1361 tau·

273 1421 352 1479 tum
370 1405 544 1507 quosdam
561 1406 746 1504 provexit,
769 1420 811 1477 ut
828 1405 964 1480 multos
989 1407 1028 1478 in
1045 1403 1178 1506 Angiia
1201 1404 1345 1478 ditium

274 1538 311 1597 et
323 1524 546 1623 potentiores
560 1520 735 1596 haherent
746 1520 908 1610 clientes,
923 1547 1033 1623 quam
1042 1545 1172 1595 eorum
1189 1523 1231 1595 in
1245 1521 1347 1596 Nem

275 1641 343 1713 tria
358 1640 505 1713 fuerant
522 1657 700 1739 parentes.
835 1630 837 1635 ¹

323 1756 423 1855 Quid
436 1757 564 1857 loquar
576 1756 620 1830 de
633 1755 759 1832 Odone
774 1757 982 1831 Baiocasino
995 1754 1149 1856 praesule
1157 1809 1168 1844 ,
1185 1757 1253 1857 qui
1265 1779 1348 1831 oon·

274 1876 329 1947 sul
346 1875 525 1974 palatinus
542 1890 637 1960 erat,
653 1889 691 1946 et
709 1871 844 1975 ubique
858 1874 998 1946 cunctis
1014 1872 1157 1972 Angliae
1173 1872 1347 1946 habitato

273 1991 376 2065 ribus
392 1990 631 2067 formidabilis
648 2006 742 2080 erat,
757 2017 798 2064 ac
814 1991 925 2064 veluti
943 1989 1119 2065 secundus
1136 2016 1204 2064 rex
1222 1989 1347 2090 possin

270 2112 352 2207 jura
365 2109 496 2183 dabat?
508 2110 756 2209 Principatum
773 2134 880 2208 super
892 2134 1019 2183 omnes
1033 2108 1186 2181 comites
1197 2122 1240 2181 et
1251 2107 1346 2209 regni

274 2229 466 2327 optimates
485 2226 629 2317 hahuit,
649 2243 786 2300 etcum
808 2227 981 2301 thesauris
1001 2227 1246 2326 antiquorum
1262 2225 1348 2300 stu-

275 2346 363 2418 tiam
381 2348 437 2444 (3)
460 2346 633 2444 possedit,
660 2347 697 2417 in
720 2372 790 2445 qua
809 2343 1021 2444 jamdudum
1044 2343 1275 2418 Edilbertus
1295 2345 1350 2417 lr-

276 2464 419 2535 minrici
455 2462 574 2552 fitius,
607 2460 768 2534 Eadbald
797 2477 833 2535 et
863 2459 1120 2535 Ercombcrtus
1147 2475 1185 2534 et
1212 2459 1348 2562 Egbert

275 2595 384 2681 atque
402 2579 568 2653 Lothcris
584 2578 697 2652 frater
713 2582 788 2676 cjus
810 2592 1055 2679 regnaverunt
1068 2579 1147 2676 (4),
1165 2577 1349 2678 primique

276 2723 404 2794 regum
431 2695 634 2796 Anglorum
657 2722 675 2766 a
703 2694 887 2795 discipulis
912 2693 1078 2797 Gregorii
1107 2720 1213 2795 papoe
1244 2690 1350 2768 fidem

276 2812 410 2886 Christi
427 2827 678 2914 susceperunt,
696 2829 732 2886 ct
752 2811 885 2885 divinae
908 2812 994 2913 legis
1014 2809 1272 2887 observatione
1289 2837 1350 2912 po-

275 2930 400 3004 rennis
417 2915 501 3002 vitae
518 2928 683 3002 bravium
704 2932 852 3003 mercati
878 2947 976 3002 sunt.
997 2929 1200 3018 Permixta,
1217 2929 1260 3002 ni
1281 2927 1350 3002 ts}-

277 3047 347 3136 lor,
375 3049 411 3119 in
437 3045 505 3122 hoc
522 3048 603 3120 viro
619 3048 706 3120 vitia
727 3063 831 3120 crant
846 3074 930 3119 cum
949 3044 1146 3120 virtutihus
1156 3075 1169 3135 ς
1191 3045 1256 3120 sed
1270 3045 1349 3148 pius

276 3162 468 3235 mundanis
480 3160 680 3235 inhaerehat
692 3161 909 3250 actionibus,
919 3189 1028 3264 quam
1040 3161 1238 3263 spiritualis
1252 3162 1348 3236 tbeo

276 3281 341 3353 riae
358 3277 642 3352 charismatibus.
660 3277 837 3352 Coenobia
854 3295 1063 3353 sanctorum
1074 3277 1176 3353 vaide
1187 3305 1346 3382 conque

276 3411 409 3469 runtur
434 3396 533 3496 quod
560 3395 672 3467 multa
700 3396 751 3468 eis
782 3394 861 3469 0d0
887 3394 1101 3471 detrimenta
1127 3394 1284 3484 fecerit,
1311 3411 1345 3469 et

310 3725 349 3794 (i)
368 3724 513 3777 [cicester.

248 3835 255 3850 ’
310 3826 349 3895 (a)
368 3814 520 3895 Tutshury,
534 3823 640 3879 dnnsie
654 3828 746 3880 comte'
758 3825 793 3880 de
806 3825 934 3882 stafford.

311 3925 349 3998 (3)
368 3929 405 3981 Le
418 3930 509 3982 comte
523 3926 560 3982 de
573 3929 654 3982 Kent.

311 4035 351 4098 (4)
371 4019 528 4095 Ethelbert,
549 4030 591 4084 bh
611 4029 822 4085 d’Hcrmcnrich
843 4029 1009 4106 (booron
1030 4028 1154 4085 Esdhstd
1174 4026 1339 4102 (61664οῂ

277 4118 439 4173 facomhert
452 4118 610 4188 (bauddi),
626 4118 729 4191 Egbert
741 4117 899 4194 (tibi-(fik
913 4118 1044 4174 bothaioe
1054 4115 1207 4195 (675585).
