2768 5094
284 335 366 426 sez'
561 362 745 424 utsroms
769 363 1074 425 ecclesianos.
1260 368 1352 442 [soso

284 498 404 560 ratum
422 511 569 558 manere
584 501 742 585 oportet,
765 500 803 555 ut
822 487 860 556 in
879 487 1029 557 crimine
1044 483 1203 586 publice
1222 484 1352 585 lapsus,

283 621 368 676 ante
382 580 575 706 piractarn
585 603 843 703 poenitentiam
860 603 899 673 in
909 604 1069 704 pristino
1086 601 1224 702 gradu
1243 602 1352 675 nullo-

282 733 384 793 tenus
399 721 624 809 restituatur,
639 721 712 792 nisi
722 745 863 792 summa
877 724 1093 793 necessitate
1100 737 1196 819 post
1208 721 1351 821 dignun

282 836 431 936 quidem
447 835 570 935 longa
578 837 802 936 poenitentia
816 837 1121 931 satisfactionem.
1180 926 1183 931 1

328 954 420 1025 Item
439 957 471 1025 si
492 951 626 1048 aliquis
650 951 777 1053 lapsus
798 951 935 1052 dignm
952 951 1187 1052 depositione
1202 971 1351 1055 nepem

267 1069 407 1171 fuerit,
434 1086 468 1143 et
490 1069 546 1141 ad
566 1095 648 1140 eum
668 1069 927 1170 deponendum
947 1086 996 1140 tot
1014 1071 1261 1172 coepiscopos
1276 1088 1351 1170 quot

279 1190 479 1262 aucton'tas
495 1186 680 1287 postulat:
694 1186 833 1259 scilicet
850 1189 889 1259 in
902 1187 1105 1260 sacerdotis
1117 1215 1191 1262 sea·
1198 1247 1212 1280 ,
1230 1191 1271 1261 in
1286 1188 1350 1260 dio

280 1307 367 1378 coni
386 1303 611 1406 depositione
635 1320 727 1389 tres,·
751 1306 1018 1405 unusquisque,
1044 1307 1111 1404 qui
1130 1305 1273 1378 adesse
1291 1332 1350 1378 non

273 1426 430 1523 poterit,
453 1426 633 1494 vicarium
657 1447 762 1493 suum
788 1448 871 1494 eum
893 1449 963 1494 sua
988 1424 1219 1494 aucton'tute
1241 1440 1348 1495 trans·

279 1543 413 1614 mittat.

326 1657 419 1730 Item
431 1673 606 1731 statutum
619 1674 671 1730 est
684 1672 724 1728 ut
734 1655 859 1728 nullas
876 1658 914 1727 in
931 1653 1244 1755 Quadragesima
1254 1683 1350 1759 pmn

276 1774 384 1864 dent,
404 1793 603 1874 antequam
619 1774 711 1847 bora
730 1798 831 1846 nona
841 1789 1021 1875 peracta,
1040 1777 1263 1873 vespertina
1276 1777 1348 1847 sitsi

274 1894 369 1991 piat.
388 1890 476 1964 Non
493 1894 590 1964 enim
599 1893 770 1992 jejunat,
791 1893 956 1993 quiante
973 1888 1196 1963 manducat.

327 2012 418 2084 Item
441 2029 615 2084 statutum
636 2028 690 2082 est
717 2027 755 2082 ut
776 2002 823 2081 in'
837 2007 990 2081 sabbato
1010 2008 1177 2081 Pascltoe
1199 2009 1348 2109 officium

277 2143 363 2200 unte
379 2153 514 2200 nonam
533 2153 607 2200 non
628 2128 840 2227 incipiatur.
860 2126 926 2197 Ad
939 2141 1081 2198 noctem
1103 2129 1207 2198 enim
1224 2126 1348 2200 Domi·

277 2248 373 2318 nicee
397 2247 688 2318 Resurrectionis
717 2245 885 2343 respicit,
913 2242 960 2314 ob
984 2243 1092 2342 cujus
1120 2248 1348 2318 reverentiam

277 2358 403 2433 Gloria
419 2361 455 2431 in
468 2359 612 2432 excelsis
625 2360 702 2432 Deo
713 2375 747 2431 et
759 2357 910 2430 Alleluia
925 2373 1098 2431 cantatur
1101 2391 1119 2444 ;
1133 2360 1241 2457 quod
1250 2363 1347 2434 etian
1383 2348 1384 2421 l

279 2479 317 2548 in
331 2477 446 2573 officii
454 2477 577 2564 initio,
595 2478 690 2549 cerei
698 2474 839 2548 scilicet
853 2474 1106 2548 benedictione
1116 2496 1346 2551 monstratur.

278 2593 424 2666 Narrat
444 2591 535 2663 liber
554 2592 731 2691 Officialis
749 2593 803 2689 (ι)
823 2592 926 2691 quod
940 2597 978 2663 in
996 2592 1064 2664 boc
1086 2592 1207 2668 biduo
1227 2597 1348 2691 nonjit

278 2709 512 2783 Sacramenti
527 2710 735 2783 celebratio.
756 2711 798 2779 V
794 2725 880 2782 ocat
894 2729 1016 2782 autem
1029 2709 1097 2782 boc
1112 2711 1269 2785 biduum
1282 2740 1349 2786 ses·

280 2843 356 2899 tam
368 2824 512 2925 feriam
536 2844 570 2899 et
591 2826 807 2913 sabbatum,
839 2829 877 2899 in
902 2854 975 2927 quo
994 2828 1170 2901 recolitur
1188 2818 1308 2905 [uetus
1323 2850 1348 2902 et

279 2945 452 3015 moestitia
470 2942 732 3044 apostolorum.
1377 3022 1380 3047 Ι

329 3061 422 3131 Item
445 3063 480 3131 si
501 3059 661 3160 alicujus
684 3063 807 3132 sancti
818 3060 1008 3155 festivitas
1029 3062 1069 3132 in
1089 3063 1176 3161 ipsa
1198 3063 1264 3136 die
1281 3090 1345 3137 eoe-

280 3181 394 3267 nen't‚
428 3181 467 3250 in
493 3205 568 3277 qua
593 3177 770 3251 celebrari
792 3203 866 3249 non
887 3180 1028 3279 possit,
1053 3203 1129 3250 non
1150 3198 1263 3271 ante,
1290 3181 1347 3255 sed

280 3298 379 3394 infru
396 3312 563 3368 octavum
581 3295 679 3368 diem
698 3294 905 3367 celebretur.

330 3415 420 3484 Item
448 3414 564 3513 juxta
590 3429 800 3485 sanctorum
827 3415 978 3485 Petrum
1005 3411 1153 3485 decretu
1182 3442 1192 3485 .·
1219 3415 1346 3489 uittas
1378 3438 1381 3443 ·

282 3532 489 3603 Innocentii
504 3555 621 3630 papa
643 3545 677 3600 et
702 3529 855 3617 leonis,
887 3531 1080 3602 statuimus
1108 3555 1156 3601 ne
1181 3531 1346 3631 gurali

317 3874 356 3935 (ι)
374 3867 426 3922 Cct
440 3884 575 3936 ouvrage,
590 3868 718 3936 composi·
729 3884 777 3937 par
791 3864 981 3938 l’archcvique
990 3865 1057 3919 Jean
1071 3865 1197 3938 pendant
1208 3868 1277 3944 qu’il
1284 3872 1342 3925 tuis
1376 3930 1380 3939 ¹

281 3976 382 4011 encore
394 3957 498 4029 itique
510 3954 712 4019 d'Avrancltes‚
728 3974 742 4007 a
756 3957 799 4007 iti·
815 3955 909 4028 publio
923 3972 987 4008 sous
1001 3954 1026 4009 le
1038 3957 1105 4010 litte
1117 3957 1229 4014 suivant
1243 3982 1251 4013 ε
1266 3960 1300 4017 Ι.
1312 3959 1340 4015 P.
1376 3942 1380 4003 i

281 4048 418 4103 Iohannis
443 4046 626 4099 Abrincensis
652 4049 773 4118 episcopi
793 4044 894 4099 deinde
918 4046 1131 4118 Rotomagensts
1151 4050 1341 4125 archiepisc*
1376 4076 1379 4081 ·

283 4139 352 4191 liber·
367 4137 400 4189 dr
418 4136 520 4212 Officiis
534 4135 734 4189 ecclesiasticis.
753 4136 914 4208 Rotomagi,
933 4135 1014 4210 1679,
1030 4135 1112 4191 itt-8⁶.
