2768 5094
308 399 366 454 372
583 388 764 448 HISTORIA
788 387 1087 449 ECCLESlASTlCA.

579 575 847 630 EPITAPlllUM
874 575 1095 632 llOLLONlS.

448 732 509 784 Dux
522 729 759 793 normannorum,
775 729 859 781 timor
873 727 960 782 hostia
971 739 1000 782 et
1011 746 1086 783 arma
1098 746 1232 797 anorum,

482 818 563 873 llollo
576 817 627 871 sub
639 817 693 871 hoe
704 815 786 871 titulo
798 815 937 872 clauditur
947 819 976 872 in
987 817 1105 873 tumulo.

448 911 564 983 Majorea
576 909 655 980 cujus
668 907 790 981 probitas
801 910 937 980 provexit,
952 920 984 962 nt
995 910 1055 981 ejus

480 997 612 1054 Servierit
624 1015 675 1050 nec
688 1013 766 1065 avua,
778 1014 828 1051 nec
839 1008 926 1070 pater,
941 1007 990 1052 aut
1000 1016 1126 1071 proavus.

445 1091 598 1142 Ducentem
609 1086 693 1140 sortes
706 1105 811 1158 regem,
829 1086 983 1161 multasque
996 1087 1125 1142 cohortes

479 1176 587 1229 Devicit
597 1175 685 1229 Daciae
697 1174 881 1247 congrediens
893 1175 961 1230 acie.

446 1265 590 1330 Frixonea,
603 1262 747 1329 Walcros,
762 1262 959 1330 Halbaoenaes‚
976 1264 1150 1332 Hammona,

477 1356 536 1409 Hoc
549 1354 632 1409 simul
643 1353 789 1425 adjunctos
802 1353 884 1409 llollo
895 1353 974 1409 (ledit
984 1354 1127 1428 profugos.

444 1444 507 1517 Egit
519 1442 554 1496 ad
569 1443 622 1497 hoc
632 1442 739 1496 Foeaioa
751 1442 932 1515 perplurima
943 1442 1057 1498 vulnera
1069 1444 1172 1509 victua,

478 1534 518 1588 Ut
532 1532 584 1587 sibi
594 1533 723 1603 jurarent
736 1542 819 1607 atque
831 1533 936 1588 tributa
949 1533 1057 1589 darent.

446 1624 555 1694 Bajocaa
564 1622 652 1695 cepit,
667 1621 710 1675 bis
719 1622 838 1679 Parisios
849 1624 1003 1695 superavit;

480 1712 570 1765 Nemo
582 1709 637 1764 suit
649 1709 761 1763 Francis
772 1712 895 1782 asperior
907 1711 1010 1765 cuneis.

443 1801 531 1855 Annis
543 1799 658 1870 triginta
671 1798 818 1853 Gallorum
831 1798 949 1853 caedibus
961 1816 1022 1853 arra

479 1888 620 1962 Implevit,
634 1889 716 1960 pigro
728 1887 799 1942 bella
809 1906 906 1960 gerent
917 1887 1026 1944 Carolo.

445 1981 510 2033 Post
523 1977 622 2032 multas
635 1989 751 2051 strages,
765 1978 883 2051 praedas,
898 1977 1038 2045 incendia,
1052 1979 1152 2048 caedea,

479 2065 556 2120 Utile
568 2084 632 2120 cnm
644 2065 731 2120 Gallia
743 2065 832 2121 soedus
844 2067 897 2121 init
907 2064 1024 2139 cupidis.

445 2157 566 2230 Supplex
578 2158 729 2224 Franconi,
743 2158 846 2212 meruit
858 2157 1021 2231 baptismate
1034 2159 1106 2231 tingi
1118 2182 1125 2226 ;

480 2248 525 2303 Sic
539 2246 623 2319 periit
635 2249 735 2302 veteris
746 2266 828 2302 omne
843 2248 918 2303 nesae
930 2249 1061 2304 hominia.

448 2337 488 2390 Ut
497 2336 551 2390 suit
563 2347 627 2391 ante
639 2335 734 2409 lupus,
750 2339 788 2391 aie
798 2349 860 2409 post
872 2337 904 2392 lit
913 2337 1028 2392 mitibus
1040 2355 1138 2411 agnus.

480 2424 536 2477 Pax
549 2425 586 2478 ita
599 2434 736 2479 mutatum
750 2425 870 2480 mulceat
881 2435 945 2481 ante
958 2426 1060 2480 Deum!
1372 2380 1376 2465 l

309 2581 518 2682 Exequiales
533 2581 769 2654 nihilominus
782 2584 911 2656 naeniae
921 2609 1027 2683 super
1037 2582 1260 2657 mausoleum
1269 2583 1345 2656 Gnil·
1370 2542 1375 2655 l

307 2698 402 2771 lelmi
415 2696 693 2796 longaespatae,
707 2696 805 2797 quod
819 2699 855 2770 in
866 2698 1138 2797 septentrionali
1149 2698 1251 2799 plaga
1259 2700 1343 2770 situm

307 2830 379 2905 est,
397 2812 525 2886 litteris
542 2838 584 2884 ex
600 2837 689 2884 auro
708 2813 753 2882 ita
772 2829 857 2886 sunt
875 2812 1050 2886 enodatae.
1365 2828 1374 3055 p

450 3022 682 3076 EPlTAPHlUll
701 3020 904 3077 GUttLELttl
924 3020 1211 3078 LONGAESPATAE

445 3182 522 3246 Quos
533 3174 697 3230 defendebat
710 3174 890 3240 Guilelmus,
903 3194 984 3231 nemo
997 3179 1155 3249 premebat;
1366 3088 1374 3199 l

479 3263 590 3319 Auxilio
603 3265 705 3332 caruit,
720 3262 817 3318 ledere
833 3282 916 3337 quem
929 3263 1025 3320 voluit.

445 3353 569 3426 Regibus
581 3371 612 3407 ac
624 3353 742 3407 ducibus
754 3353 901 3408 metuenda
915 3372 1012 3408 manna
1023 3354 1077 3409 tuit
1089 3357 1163 3426 ejus,
1368 3338 1374 3453 Ι

480 3444 597 3516 Belliger
610 3444 747 3498 llenricus
759 3444 925 3498 Caesareum
937 3444 1041 3499 timuit.

445 3537 526 3591 Rexit
539 3534 714 3588 lt'ormannos
726 3534 824 3605 viginti
836 3534 960 3607 quinque
973 3552 1023 3606 per
1035 3552 1135 3602 annua,

481 3622 576 3678 Militia
587 3633 670 3697 atque
679 3621 758 3676 ducia
767 3633 912 3695 promptus
923 3623 951 3677 in
963 3621 1068 3677 officiis.

441 3713 605 3769 (Icenobium
619 3711 734 3785 pulchre
748 3713 882 3785 repararit
894 3711 1131 3778 cemmetioeme,

479 3805 512 3857 Et
523 3802 643 3858 decrevit
656 3801 694 3854 ibi
706 3802 778 3856 serre
787 3803 888 3875 jugum
901 3803 1039 3857 monaehi.

445 3892 576 3946 Fervidua
590 3890 686 3944 invicti
699 3890 785 3945 coluit
797 3908 923 3945 normam
937 3890 1092 3955 Benedicti,

478 3979 531 4033 Cui
544 3979 623 4050 petiit
634 3975 729 4040 aubdi.
746 3977 843 4050 plenus
855 3996 948 4032 amore
962 3977 1022 4032 llei.

442 4067 555 4121 llirtulit
567 4068 620 4120 lroc
632 4067 714 4121 abbas
728 4069 878 4134 Muttinem
892 4069 952 4123 diva
964 4077 1084 4142 potesta·

479 4156 549 4221 Sera
563 4176 698 4229 perarma
713 4161 782 4213 mori
798 4159 916 4231 pretulit
929 4177 1010 4214 umen
1021 4161 1058 4214 ei.
