2768 5094
280 420 338 479 ste
556 414 740 477 ntsrcnn
763 415 1072 478 nccnnsnsnes.
1172 423 1253 498 [oct.
1272 424 1346 503 sess]

278 538 450 634 Quiesce,
466 560 604 634 quaeso.
625 535 831 611 Prudenter
843 553 1002 611 tractare
1017 552 1144 612 tecum
1158 540 1257 615 uelis
1273 542 1348 641 quil

272 679 356 728 enm
391 658 628 727 sacramentis
660 654 803 728 consuli
847 654 1091 729 Normanniae
1126 660 1346 758 promiseris.

275 774 373 847 Cane
394 799 439 846 ne
450 773 657 874 perjurium
673 777 840 847 incurras
846 828 860 861 ,
888 790 923 845 et
942 799 1011 873 pro
1031 788 1143 849 tento
1160 776 1300 851 sacient
1316 792 1347 849 tu

270 916 355 962 eum
372 889 509 963 viribus
521 906 657 964 nostra
668 895 784 987 gentis
800 916 965 979 corruas,
994 908 1207 993 nostraque
1224 921 1348 995 proge-

270 1009 347 1079 niei
358 1033 638 1108 permansurum
653 1007 812 1081 dedecus
826 1005 1060 1100 eeindefias.
1081 1010 1191 1109 Ego,
1208 1009 1347 1087 liberat

267 1129 368 1197 omni
378 1140 630 1213 sacramento,
653 1124 851 1198 Guillelnto
867 1128 991 1197 canuti
1008 1124 1101 1197 aulul
1115 1126 1253 1201 debeo.
1273 1132 1347 1201 Au·

266 1241 397 1316 dstcter
403 1243 517 1341 igitur
529 1258 656 1315 contra
670 1241 776 1313 illum
783 1268 851 1342 pru
862 1241 986 1314 natali
993 1240 1071 1316 solo
1082 1259 1236 1319 certare
1246 1272 1346 1346 patu·

266 1375 324 1429 tus
340 1386 434 1431 sum.
459 1359 518 1430 Tu
533 1376 669 1446 autem,
677 1353 807 1457 frater
815 1362 885 1448 mi,
905 1360 1032 1457 quovis
1045 1362 1085 1431 in
1091 1386 1197 1459 pace
1209 1364 1345 1463 quiesce

265 1492 299 1545 et
317 1492 479 1549 eventum
493 1476 579 1549 belli
587 1476 820 1576 preestolare,
842 1503 888 1550 ne
904 1476 1009 1550 clara
1025 1476 1180 1552 libertas
1204 1480 1343 1581 Angla-

265 1622 346 1667 rum
358 1612 504 1669 corruat
522 1598 561 1666 in
576 1613 641 1668 tua
652 1597 830 1696 pernicie.

312 1714 375 1785 His
394 1714 512 1813 itaque
529 1713 659 1785 auditis
672 1712 923 1799 sermonibus,
950 1712 1127 1787 Hesaldus
1146 1716 1341 1793 vehemen-

266 1846 320 1903 ter
332 1847 385 1903 est
403 1830 621 1929 indignatus.
638 1830 840 1903 Consilium
854 1829 967 1918 istud,
989 1831 1089 1930 qnod
1101 1835 1238 1907 amicis
1253 1835 1341 1909 salu·

263 1946 327 2020 bre
346 1947 552 2033 videbatur,
573 1947 730 2045 sprevit,
745 1963 781 2019 et
796 1973 1009 2046 germanum
1025 1974 1155 2037 suum,
1171 1952 1241 2051 qui
1261 1952 1339 2025 litle-

262 2064 344 2137 liter
365 2066 396 2136 ci
416 2061 694 2150 consiliabatur,
716 2062 889 2135 conuiciis
914 2062 1090 2153 irritavit,
1112 2079 1339 2169 matremque

261 2209 380 2269 suam,
411 2208 494 2281 (111ae
513 2180 621 2252 nimis
649 2181 767 2278 ipsum
795 2181 954 2253 retinere
983 2204 1105 2254 seeum
1134 2184 1336 2285 satagebat,

259 2300 349 2397 pede
366 2300 567 2398 procaciter
584 2298 771 2394 percussit.
785 2297 922 2371 Deinde
935 2323 1000 2396 per
1016 2323 1078 2370 sex
1086 2296 1166 2372 dies
1179 2300 1337 2403 undique

259 2417 414 2515 populos
431 2418 475 2488 ad
493 2414 629 2487 bellum
647 2416 790 2498 ascivit,
817 2416 1043 2489 innumeram
1060 2418 1336 2495 multitudinem

259 2532 463 2631 Anglorum
482 2533 683 2618 contraxit,
703 2558 896 2632 secumque
910 2531 1087 2607 adducens
1103 2535 1142 2609 in
1157 2534 1283 2615 hostes
1298 2538 1336 2613 xl

259 2676 416 2750 pugnam
431 2650 626 2723 festinarit.
640 2650 834 2722 Nocturno
846 2651 874 2721 si
886 2648 1048 2750 quidem,
1061 2678 1125 2725 seu
1141 2658 1336 2755 repentino

259 2771 407 2841 incursu
424 2769 544 2840 minus
563 2784 686 2841 carnos
704 2768 911 2867 opprimere
922 2767 1103 2868 cogitabat
1115 2824 1128 2861 ,
1142 2786 1183 2845 et
1201 2801 1251 2849 ne
1264 2801 1337 2875 per·

258 2886 360 2987 fugio
376 2886 540 2979 abirent,
565 2893 808 2986 septingentas
833 2912 939 2959 stares
962 2888 1107 2959 armetis
1131 2907 1287 2965 onustas
1301 2894 1335 2965 in

256 3008 348 3078 mari
358 3022 587 3105 opposuerat.
604 3006 715 3104 Cujus
725 3005 1019 3079 accelerationem
1033 3006 1256 3083 Willermus
1266 3012 1335 3085 dux

257 3139 298 3197 nt
314 3124 470 3211 audivit,
487 3152 613 3198 omnes
626 3151 711 3198 suos
724 3125 854 3195 armari
869 3151 974 3197 mane
986 3123 1123 3199 sabbati
1138 3130 1332 3229 (1)jussit‚

256 3245 383 3342 etipse
399 3244 542 3315 missam
561 3243 698 3315 audivit
705 3297 716 3331 ,
737 3258 774 3313 et
794 3241 987 3314 dominicis
1003 3249 1239 3319 sacramentis
1253 3274 1334 3322 eor-

256 3389 323 3463 pus
342 3377 378 3435 et
401 3361 558 3433 aninmm
575 3361 751 3454 munivit,
781 3358 1021 3460 reliquiasque
1038 3376 1202 3449 sanctas,
1229 3391 1333 3465 super

253 3508 342 3580 quas
354 3479 527 3553 lleraldns
535 3483 733 3577 juraverat,
748 3478 844 3552 collo
857 3504 923 3551 sno
941 3477 1130 3552 humiliter
1143 3481 1330 3581 appendit.

256 3596 426 3693 Religinsi
439 3596 657 3696 quoqneviri
670 3609 893 3693 pugnaturos
903 3620 922 3665 e
932 3594 1158 3667 Normannia
1167 3600 1330 3671 comitati

256 3712 413 3782 l'nerant.
429 3711 520 3781 Nam
537 3711 611 3786 elno
624 3710 815 3810 pontiliees
835 3743 842 3782 :
859 3710 938 3783 (ido
952 3712 1156 3785 llaioeensis
1173 3730 1212 3787 et
1232 3716 1332 3789 Gois·

256 3829 379 3901 l‘rcelns
401 3830 683 3916 Constantinus,
711 3827 859 3901 aderant
882 3856 965 3900 cum
990 3828 1178 3903 monachis
1200 3849 1239 3908 et
1259 3832 1332 3907 cle·

253 3947 339 4018 ricis
354 3946 477 4018 multis
485 3976 496 4034 ;
507 3972 665 4046 quorum
678 3946 835 4019 ollicinm
846 3963 923 4020 erat
936 3973 1098 4047 pugnare
1109 3948 1284 4047 precibus
1296 3970 1330 4027 et

287 4204 297 4271 l
304 4224 311 4258 ι
318 4222 327 4273 )
346 4206 382 4261 Le
395 4202 500 4261 uncti
519 4208 548 4269 ti
562 4203 691 4271 uetolne,
703 4205 770 4277 jour
781 4204 817 4259 de
829 4205 854 4261 la
868 4206 923 4263 site
936 4204 972 4263 sle
985 4206 1026 4263 St.
1041 4206 1160 4267 Calixte.
