2768 5094
538 200 555 231 ὁ

152 408 177 479 8
583 403 790 464 PROLOGUS.

158 524 243 623 tigia
257 522 448 594 salvatoris
459 521 637 620 prosecuti
652 535 752 607 sunt,
768 533 805 590 et
815 518 967 591 salutare
981 516 1086 592 nobis
1099 543 1214 591 exem-

157 642 258 740 plum
284 640 531 740 reliquerunt,
562 655 602 709 ut
628 662 791 737 sequaces
821 661 946 709 eorum
974 662 1039 734 per
1067 636 1216 734 justitiae

157 757 318 829 semitam
344 753 388 826 ad
421 780 617 853 perennem
645 752 888 827 haereditatem
913 752 1146 839 festinemus3
1176 752 1217 826 sd

157 871 256 972 quod
273 898 364 970 opus
380 871 532 970 peccatis
547 869 794 968 prementibus
815 871 922 940 nimis
944 868 1079 942 desides
1095 885 1132 943 et
1149 872 1216 941 im·

157 986 302 1060 becilles
316 1010 450 1059 sumus.
467 987 615 1083 Semper
630 1000 748 1058 tamen
763 983 932 1057 debemus
946 998 1126 1084 quantum
1140 1010 1217 1082 pos·

158 1128 279 1172 snmus
304 1107 475 1173 veraciter
497 1101 564 1171 niti
588 1114 629 1170 ut
654 1101 798 1199 vestigia
821 1126 947 1172 eorum
972 1126 1163 1199 sequamur
1185 1118 1217 1172 et

157 1232 239 1316 post
250 1244 310 1290 eos
321 1243 523 1303 curramus;
544 1218 713 1318 quatinus
728 1217 873 1291 illorum
888 1218 1025 1290 meritis
1039 1219 1215 1305 associati,

158 1333 374 1434 quandoque
397 1331 507 1407 beatis
528 1334 670 1433 adjungi
689 1333 846 1431 collegiis
864 1331 973 1406 dante
990 1335 1065 1406 Deo
1085 1360 1215 1405 merea·

159 1476 256 1524 mur.
280 1452 332 1522 De
357 1449 568 1552 quibusdam
593 1452 711 1549 itaque
735 1451 858 1521 amicis
882 1452 965 1537 Dei,
993 1451 1217 1549 dominisque

158 1592 199 1636 ac
221 1564 423 1638 rectoribus
446 1567 570 1663 populi
597 1565 649 1635 sui
676 1565 712 1635 in
739 1565 913 1661 superiori
940 1581 1042 1663 parte
1066 1563 1217 1635 libenter

160 1681 301 1754 locutus
323 1707 402 1752 sum
412 1710 423 1769 ς
441 1680 485 1752 de
502 1679 633 1779 quibus
648 1679 812 1763 meditari
839 1682 911 1752 sive
929 1680 1025 1781 loqui
1046 1680 1216 1764 fideliter,

154 1799 354 1896 jocundum
373 1812 425 1869 est
439 1797 586 1880 animae,
605 1812 638 1869 et
655 1796 885 1868 commodum
901 1823 968 1893 pro
987 1795 1218 1871 interioribus

160 1913 297 1987 morbis
322 1910 463 1985 salubre
490 1912 699 1985 remedium.
727 1913 833 1985 Nunc
859 1932 1019 1986 autema
1044 1916 1219 2015 magistris

159 2029 255 2102 alind
269 2028 356 2101 mibi
369 2055 459 2129 opus
475 2029 691 2128 injungitur,
705 2046 740 2101 et
756 2029 799 2101 de
816 2029 1068 2101 Normannicis
1081 2032 1218 2104 eventi-

159 2147 227 2220 bus
245 2146 390 2219 materia
410 2146 629 2245 porrigitur3
649 2146 820 2246 quoniam
849 2147 914 2245 ipsi
933 2145 976 2218 de
997 2147 1103 2218 Dacia
1130 2176 1217 2247 pro-

160 2263 329 2349 deuntes,
348 2287 423 2335 non
443 2261 573 2332 litteris
594 2260 653 2334 scd
670 2262 777 2332 armis
798 2262 1032 2348 studuerunt,
1053 2283 1088 2336 ct
1108 2291 1219 2364 usqne

160 2380 202 2451 ad
215 2379 399 2450 Gnillelmi
417 2375 527 2450 Nothi
543 2392 703 2476 tempora
718 2381 828 2478 magis
840 2378 971 2452 bellare
984 2408 1088 2480 quam
1106 2381 1219 2480 legere

159 2497 214 2570 vel
226 2494 360 2568 dictare
371 2491 636 2566 laboraverunt.
649 2496 799 2568 Bellicos
812 2498 839 2567 si
848 2499 992 2598 quidem
1003 2515 1101 2570 actus
1111 2501 1219 2569 trium

160 2612 293 2684 ducum
311 2611 416 2685 [ludo
428 2611 702 2686 vermendensis
716 2613 869 2685 decanus
886 2614 1097 2713 eloquenter
1116 2642 1219 2685 enar-

160 2733 270 2819 ravit,
287 2731 503 2830 asslucnsque
516 2729 777 2829 multiplicibus
794 2730 911 2804 verbis
923 2747 958 2804 et
975 2734 1098 2803 metris
1114 2760 1220 2831 pane-

159 2853 325 2953 gyricum
337 2875 443 2948 snper
463 2848 530 2920 illis
547 2847 658 2921 edidit
676 2850 756 2947 (i),
775 2865 809 2922 et
829 2847 981 2922 Ricaido
995 2848 1219 2920 Gunnoridae

196 3166 235 3235 (ι)
246 3165 282 3218 Le
295 3175 353 3218 mot
364 3165 551 3237 panegyrique
563 3175 604 3218 est
613 3166 648 3218 ici
658 3166 851 3238 parlaitement
861 3165 945 3236 juste.
955 3166 1104 3238 L'ourragr
1117 3167 1152 3220 de
1164 3169 1218 3220 Du-

162 3253 219 3308 dou
228 3252 263 3308 de
269 3254 487 3323 Saiut·Queutin
501 3276 506 3304 ε
519 3252 647 3307 Dudorris
655 3272 739 3323 super
751 3258 992 3326 congregationem
1006 3255 1034 3308 S.
1047 3256 1174 3325 Qru'rrtini
1179 3256 1220 3310 de·

162 3345 228 3395 carri
238 3341 273 3395 de
283 3342 405 3396 moribus
417 3344 523 3396 etatis
531 3345 682 3412 primorum
695 3341 879 3396 Normannioe
892 3343 1000 3396 Ducum
1013 3343 1078 3396 libri
1089 3363 1134 3409 ru,
1148 3343 1219 3418 apud

163 3432 321 3498 Duchesne,
338 3431 469 3487 Historiae
488 3431 715 3486 Normarrrrorum
737 3432 890 3503 Scriptores
908 3436 1027 3506 antiqui,
1046 3443 1087 3487 est
1104 3451 1138 3486 en
1159 3433 1218 3487 ellel

162 3520 306 3594 beaucoup
318 3524 408 3575 moins
416 3520 451 3574 de
464 3520 598 3574 l‘bistoire
607 3520 851 3591 proprementdite
862 3523 949 3595 qu'nn
963 3525 1149 3595 panegyrique
1164 3542 1219 3576 rer·

164 3607 249 3675 brux,
272 3609 465 3683 emphatiquc,
481 3618 510 3661 et
522 3607 547 3661 le
561 3607 622 3680 plus
635 3618 750 3661 sonrent
764 3627 936 3681 mensonger,
945 3609 993 3663 des
1008 3613 1075 3664 trois
1086 3612 1220 3683 prumien

164 3697 240 3751 cbels
260 3697 420 3750 normands.
436 3697 571 3760 L’auteur,
586 3697 634 3767 qui
648 3697 714 3748 &tait
728 3708 859 3769 ponrtant
877 3700 898 3751 si
920 3699 1133 3753 lteureusemout
1146 3699 1221 3772 place

163 3802 236 3858 pour
249 3785 388 3839 recueillis
402 3797 430 3838 et
448 3783 555 3837 decrire
568 3803 630 3837 arec
646 3787 732 3838 verite
747 3785 785 3838 les
799 3789 985 3855 brenements,
1002 3787 1133 3861 pnisqu'il
1152 3790 1219 3840 avait

163 3879 254 3931 rdcnd
268 3876 293 3929 la
307 3895 375 3929 cour
386 3875 420 3928 de
434 3875 555 3928 Riclranl
569 3876 640 3928 12‘et
654 3875 688 3928 de
701 3875 823 3930 Riclrard
834 3878 874 3941 ll,
890 3877 927 3930 les
938 3897 953 3932 a
965 3896 1082 3951 presque
1096 3879 1221 3948 toujonrs

163 3968 301 4041 negliges,
326 3967 424 4020 alte'rds
446 3984 482 4019 ou
504 3965 675 4030 dissimulis,
699 3985 769 4039 pour
790 3968 828 4020 les
848 3968 1000 4040 remplaccr
1014 3968 1102 4022 tantist
1121 3969 1221 4039 parles

163 4058 352 4129 exagerations
371 4055 406 4110 de
425 4056 449 4108 la
465 4056 527 4128 plus
540 4055 701 4128 impudente
711 4058 842 4117 llatterie.
855 4059 945 4113 tautbt
958 4078 1008 4130 par
1018 4058 1066 4110 des
1080 4060 1223 4111 soissenin

162 4149 219 4220 pris
233 4166 267 4200 au
281 4145 380 4199 hasard
396 4145 463 4199 dans
477 4143 501 4198 la
516 4146 558 4199 rie
573 4145 608 4198 de
621 4164 804 4219 personnaqes
818 4150 1026 4213 ante'rienrs,ou
1039 4167 1089 4220 par
1101 4149 1150 4200 des
1165 4159 1221 4201 tra-

642 4278 665 4337 l
