2768 5094
164 411 224 469 390
433 410 617 471 HISTORIA
637 408 938 471 Ecculnlastlcl.
1016 417 1209 497 [1079-1087ζ

163 543 306 601 verunt.
326 529 459 628 Regina
474 544 511 602 et
528 529 632 629 legati
647 529 738 630 regis
751 531 997 618 Francorum,
1015 529 1212 636 nobilesque

162 642 270 714 vicini
286 660 322 715 et
337 645 440 715 amici
457 645 502 716 ad
518 644 835 744 compaginandam
848 671 971 744 pacem
987 668 1212 722 noceamus.

163 760 324 833 Tandem
335 761 440 836 sortis
453 764 618 863 princeps
634 778 817 834 uncorum
829 760 1021 835 assultibus
1032 779 1213 865 magnato-

161 903 245 947 rum
262 879 386 964 cessit,
409 894 446 951 et
468 905 511 951 ex
536 879 668 977 pietate
690 878 805 950 victus
829 876 993 952 sobolem
1019 905 1123 953 suam
1144 905 1214 951 cum
1244 956 1252 971 ,

162 992 305 1092 collegis
321 995 392 1066 suis
409 997 556 1094 recepit.
570 995 803 1069 Normanniae
814 1021 960 1096 quoque
976 995 1167 1084 duoetum,
1178 999 1214 1068 si-

162 1124 224 1179 cut
245 1109 334 1183 olim
351 1111 446 1209 apud
461 1110 750 1186 Villam-Bonam
767 1114 820 1210 (1)
839 1138 934 1212 aeger
952 1116 1214 1188 conoesseratei

160 1240 243 1323 post
257 1226 399 1300 obitum
416 1255 538 1315 suum,
558 1253 656 1300 nunc
673 1229 805 1300 iterum
819 1226 913 1301 facta
928 1229 1215 1329 recapitulatione

160 1345 334 1416 concessit
346 1345 562 1442 optimatum
577 1343 746 1417 consultu
762 1367 922 1416 snorum.
942 1346 1036 1420 Pace
1052 1345 1214 1418 nimium
1250 1438 1253 1445 Ι

159 1478 321 1558 peracta,
348 1462 548 1536 Normanni
573 1478 608 1535 et
628 1463 938 1536 cenomannenses
954 1460 1096 1562 oppido
1120 1462 1213 1562 gavisi
1248 1466 1252 1505 ἵ

161 1591 265 1662 sunt,
285 1580 348 1677 qui
365 1578 577 1676 jamdudum
594 1577 726 1650 bellico
746 1575 868 1650 labore
892 1578 1100 1677 perplures
1115 1600 1213 1651 anuos
1256 1594 1259 1623 ³

160 1691 391 1768 vehementer
407 1697 522 1768 attriti
541 1710 638 1767 sunt.
665 1694 842 1767 serenitas
866 1695 962 1793 pacis
983 1695 1049 1768 diu
1065 1695 1212 1795 quesite
1252 1702 1259 1743 ¹

160 1810 256 1883 inter
267 1838 386 1911 regem
399 1830 436 1886 et
448 1813 564 1886 filium
576 1818 649 1912 ejus
662 1812 826 1886 celeriter
835 1809 1049 1885 obnubilata
1062 1811 1212 1885 senen
1250 1816 1259 1857 ²

160 1941 280 2000 cervus
299 1931 397 2003 enim
409 1934 551 2030 juvenis
568 1947 707 2030 patrem
732 1931 851 2029 sequi,
865 1928 922 2002 rel
943 1930 977 2002 ei
1001 1927 1149 2004 obedire
1162 1926 1211 2000 de·
1249 1932 1259 1975 ¹

160 2043 401 2143 dignatusest.
417 2048 609 2122 Animosus
623 2072 710 2120 vero
724 2046 891 2145 princeps
902 2043 953 2120 ob
965 2046 1143 2146 ignaviam
1151 2046 1210 2141 ejus
1237 2046 1259 2093 l

163 2160 297 2234 crebris
315 2189 397 2236 eum
418 2162 730 2264 redargutionibus
747 2179 782 2235 et
800 2162 971 2235 conviciis
986 2162 1138 2261 pdam
1129 2163 1209 2258 rnjn·
1250 2171 1259 2216 ¹

162 2278 360 2352 natusest,
386 2279 725 2379 Undedennopost
749 2278 894 2380 aliquod
918 2295 1082 2379 tempus,
1106 2278 1209 2380 pascis

162 2391 340 2465 sodalibus
352 2395 481 2483 fretus,
495 2423 514 2467 a
527 2414 627 2495 patre
639 2396 853 2495 recessim)
816 2421 948 2486 a,nec
960 2410 1085 2495 postea
1097 2393 1207 2477 rediit5
1238 2285 1259 2469 li

160 2506 276 2582 donec
287 2527 388 2610 pater
398 2514 556 2585 moriens
568 2513 689 2587 Alber
681 2539 776 2584 rcum
789 2514 958 2586 comitem
971 2514 1042 2612 (ὅ),
1057 2513 1209 2586 utduca·
1240 2498 1259 2649 l

162 2638 239 2694 tum
257 2626 435 2700 Neustriae
450 2631 645 2728 reciperet,
666 2631 702 2702 in
721 2629 875 2704 Galliam
891 2628 935 2703 sd
950 2655 1036 2703 eum
1052 2628 1191 2702 direxit.
1243 2676 1247 2709 2

194 2923 232 2992 (t)
253 2924 289 2976 Le
302 2933 376 2978 texte
387 2922 422 2978 de
434 2923 579 2978 Dochesue
595 2933 675 2995 porte
693 2947 697 2975 :
718 2923 824 2976 Iulium
834 2921 953 2975 Bonam.
969 2922 1007 2976 La
1024 2918 1213 2976 mentam

161 3007 209 3061 des
228 3027 307 3064 norns
326 3008 361 3064 de
380 3028 425 3064 ces
443 3010 513 3066 deus
527 3008 682 3065 residentes
695 3009 731 3063 de
750 3026 800 3064 uos
819 3007 888 3062 dnos
904 3006 944 3063 lea
961 3026 977 3062 a
998 3005 1050 3062 lait
1069 3023 1134 3063 nus
1150 3024 1214 3061 αα
1248 3038 1251 3051 =

159 3097 278 3167 prendre
287 3098 360 3154 l'une
372 3117 444 3172 pour
455 3099 561 3155 l‘antre.
575 3099 599 3154 ll
612 3118 647 3154 eu
660 3110 702 3154 est
714 3098 749 3154 de
761 3097 911 3156 manedac
922 3107 1000 3171 pons
1010 3097 1214 3155 &nannet
1247 3054 1253 3159 l

159 3188 296 3243 Harlleur.

192 3277 230 3348 (a)
249 3277 326 3331 Nous
342 3297 377 3333 nc
391 3296 514 3351 poumm
532 3277 662 3353 indiquer
674 3278 800 3353 l’epoque
812 3278 917 3350 precise
929 3280 945 3331 a
957 3274 1077 3350 laquelle
1094 3274 1122 3330 le
1139 3276 1178 3331 rui
1190 3285 1216 3329 et

157 3384 206 3421 son
221 3367 262 3421 lils
276 3386 304 3423 se
318 3368 501 3424 bronillerent
512 3368 548 3424 de
561 3387 700 3436 nouveau,
715 3369 785 3424 mais
794 3386 825 3424 ee
839 3386 875 3423 ne
884 3378 936 3442 put
946 3367 1006 3423 dne
1018 3366 1213 3442 qo’apsesl’ea·

156 3456 282 3528 panion
295 3456 487 3515 malheureuse
499 3459 535 3515 de
549 3459 656 3515 llobcrt
668 3477 704 3514 en
722 3447 836 3525 Ecosoe,
855 3458 904 3532 qui
917 3467 966 3513 eut
978 3457 1036 3513 lieu
1053 3474 1106 3530 par
1121 3454 1214 3511 l‘otdn

155 3547 190 3601 do
199 3548 360 3604 Guillaome
372 3550 440 3604 daus
452 3549 602 3606 l’automne
611 3550 647 3604 de
664 3550 737 3616 1080,
750 3559 778 3603 ct
791 3550 840 3622 qui
853 3548 977 3603 n’amena
986 3547 1096 3603 d’aotse
1106 3545 1214 3601 mutat

155 3655 210 3709 que
231 3637 256 3690 la
277 3641 398 3695 creation
422 3638 459 3693 du
481 3640 596 3695 clrlteau
621 3639 656 3694 de
679 3638 1035 3712 Neweastle-Upou·Tyue.
1060 3635 1213 3711 D'aprislc

155 3725 253 3782 elriffre
264 3728 300 3782 de
312 3731 377 3803 cinq
389 3746 437 3784 ans
449 3733 557 3803 aenigne
570 3729 631 3803 plus
642 3730 711 3784 haut
721 3747 771 3803 par
783 3739 864 3783 notre
872 3731 996 3783 aoteorl
1006 3727 1083 3782 l’nue
1094 3724 1144 3781 des
1152 3726 1213 3780 e'ni·

155 3817 277 3885 gratioris
288 3817 453 3887 deuouere,
467 3837 503 3874 on
517 3830 584 3892 pont
593 3837 726 3893 supposes
736 3838 790 3894 que
799 3836 830 3873 ce
843 3819 940 3892 priuos
948 3821 1040 3893 quitta
1049 3817 1086 3873 de
1094 3833 1213 3873 moreau

154 3901 180 3955 la
195 3903 365 3961 Normandie
375 3926 435 3963 vers
453 3908 527 3963 1082.

188 3987 228 4058 (3)
246 3991 370 4059 uberte,
384 3998 616 4050 anterieureuient
626 4007 716 4050 comte
726 3996 762 4050 de
774 3993 1092 4050 northumberland&
1105 4008 1212 4066 pavon-

154 4096 232 4149 nage,
246 4080 312 4153 qu'il
325 4100 360 4135 nc
370 4084 428 4137 latit
442 4102 489 4156 pse
500 4085 652 4140 conlondre
661 4104 724 4140 arec
734 4085 846 4141 Albanio
857 4085 892 4140 sle
901 4086 968 4145 Ver.
982 4086 1041 4157 tigc
1052 4083 1103 4139 des
1111 4093 1211 4138 contu

152 4165 297 4235 d’Oxlord,
313 4180 353 4223 cst
365 4169 421 4224 lort
437 4190 488 4242 peu
503 4190 602 4226 connu.
617 4177 640 4226 Α
656 4173 780 4246 l‘rprque
795 4173 829 4225 ‹le
841 4173 864 4227 la
876 4173 1030 4228 conlection
1044 4171 1083 4225 du
1098 4172 1210 4229 Βωκω-
