2768 5094
244 388 285 448 ro
521 379 706 443 mstoun
727 366 1034 439 noctrsnsncs.
1106 374 1314 456 [roso-rosi]

245 518 282 577 et
295 501 468 577 Ricardus
480 502 525 576 de
541 500 772 589 Nora-Villa,
790 497 974 572 Baldricus
991 496 1036 571 de
1052 496 1272 597 Balgenzaio
1286 511 1317 568 et

247 618 435 719 Wigerius
453 617 657 717 Apuliensis
675 617 743 715 (r).
767 612 811 689 Hi
831 616 1007 689 nimirum
1023 611 1092 686 sub
1109 610 1207 686 duce
1223 610 1317 684 Wil-

248 735 364 809 lermo
386 761 513 835 magna
535 735 747 808 strenuitate
768 734 980 834 riguerunt,
1003 730 1209 831 multisque
1230 725 1319 800 diri·

250 853 309 925 tiis
333 868 370 926 et
394 850 594 925 honoribus
613 849 658 923 ab
678 877 722 925 eo
742 849 845 923 ditati
858 849 1037 935 luerunt,
1058 862 1095 921 et
1118 843 1320 921 haeredibus

249 972 322 1043 suis
347 971 481 1072 amplas
508 970 747 1075 possessiones
772 970 809 1041 in
837 942 1060 1041 Normannia¹
1089 964 1319 1039 dimiserunt.

299 1089 498 1179 Baldricus,
514 1115 576 1190 qur
568 1088 771 1163 honorem
782 1086 828 1162 de
839 1087 1049 1187 Balgenzaio
1060 1109 1147 1158 cum
1157 1081 1374 1215 Wigmio

251 1204 364 1281 fratre
379 1233 445 1279 suo
462 1205 637 1306 possedit,
657 1204 843 1280 Elisabeth
866 1229 1029 1278 sororem
1052 1228 1154 1275 suam
1172 1180 1374 1274 Falconi

251 1321 296 1395 de
312 1324 433 1396 Bona·
433 1319 587 1412 Valle(2
567 1325 604 1421 2)
623 1338 773 1396 strenuo
789 1320 926 1395 militi'
917 1349 955 1394 ιιι
975 1321 1187 1420 conjugium
1206 1315 1325 1404 dedit,

253 1452 291 1513 et
309 1438 493 1512 ecclesiam
508 1440 629 1512 Sancti
649 1438 787 1514 Nicolai
800 1440 876 1538 (3),
892 1465 1001 1539 quam
1016 1451 1120 1538 pater
1133 1461 1225 1508 suus
1242 1460 1328 1509 con-

253 1572 551 1645 struxerat,·cum
567 1554 739 1656 adjacenti
758 1556 875 1631 fundo
892 1557 931 1631 in
946 1555 1117 1656 mariagio
1134 1552 1326 1628 concessit.

254 1674 367 1747 Fulco
400 1689 522 1747 autem
551 1673 668 1746 futuri
706 1676 879 1774 temporis
913 1691 1055 1748 memor
1086 1670 1331 1746 'l'eodericmn

256 1790 372 1864 filium
386 1817 518 1879 suum,
543 1818 652 1892 quem
667 1792 887 1866 Teodericus
904 1789 1014 1864 'abbas
1036 1790 1080 1863 de
1103 1814 1206 1862 sacro
1228 1786 1332 1862 fonte

258 1910 452 1999 levaverat,
480 1911 557 1985 Deo
573 1910 894 1985 admonachutum
920 1911 956 1983 in
977 1906 1151 1982 coenobio
1168 1903 1331 1979 Uticensi

254 2023 418 2115 obtulit,
453 2027 643 2128 ipsumque
673 2052 828 2127 puerum
858 2041 895 2099 et
922 2024 1111 2125 prael'atam
1145 2020 1334 2096 ecclesiam

259 2143 380 2218 Sancti
399 2145 537 2220 Nicolai
558 2172 625 2244 pro
646 2147 764 2219 anima
784 2171 866 2236 sua,
888 2145 1159 2243 amicorumque
1182 2164 1333 2213 suorum

259 2262 372 2335 salute
390 2263 427 2334 in
450 2263 640 2360 praese'ntia
659 2260 834 2335 liodberti
859 2258 997 2333 abbatis
1020 2261 1152 2335 Sancto
1176 2254 1335 2331 Ebrull'o

261 2378 449 2449 concessit.
475 2379 553 2451 lloc
575 2378 682 2450 etiam
707 2375 890 2449 Baldricus
911 2392 948 2451 et
967 2368 1152 2477 Wigerius
1176 2389 1214 2448 et
1234 2372 1336 2447 Wil-

260 2492 396 2565 lermus
416 2491 461 2566 de
486 2492 706 2568 Bona-Valle
718 2545 730 2582 ,
754 2494 887 2594 aliique
907 2509 1074 2593 parentes
1099 2518 1228 2567 eornm
1250 2518 1336 2593 gra·

264 2623 383 2682 tanter
410 2627 687 2701 concesserunt,
713 2627 749 2685 et
780 2612 864 2711 ipsi,
889 2610 1022 2712 aliique
1045 2610 1153 2684 multi
1185 2610 1250 2709 qui
1279 2607 1337 2682 af·

262 2726 435 2811 fuerunt,
461 2726 611 2827 legitimi
631 2742 737 2802 testes
755 2724 1007 2828 suprascriptae
1025 2726 1270 2801 concessionis
1291 2722 1335 2799 ad

264 2844 457 2918 utilitatem
484 2846 643 2920 ecclesiae
666 2847 879 2921 extiterunt.
905 2850 1010 2920 Tunc
1034 2847 1211 2948 Rogerius
1235 2848 1338 2920 Tan-

266 2962 362 3036 credi
387 2963 432 3037 de
460 2963 654 3039 Alta-Villa
681 2965 776 3039 filius
801 2968 840 3038 in
864 2966 1002 3038 ltaliam
1026 2990 1178 3066 pergens
1203 2962 1338 3038 ibidem

265 3079 389 3167 alluit,
421 3080 485 3179 qni
515 3095 637 3178 postea
661 3085 812 3181 jurante
843 3082 919 3155 Ileo
949 3082 1108 3155 Siciliam
1139 3107 1267 3181 magna
1296 3105 1339 3154 ex

268 3212 369 3296 parte
393 3193 575 3290 obtinuit,
596 3213 632 3270 et
650 3195 758 3272 Afros
775 3198 987 3299 Siculosque
1003 3215 1039 3272 et
1055 3198 1139 3271 alies
1156 3212 1283 3296 gentes
1300 3196 1338 3270 in

267 3315 451 3402 Christum
471 3340 548 3388 non
568 3315 773 3410 credentes,
793 3342 876 3417 quoe
894 3317 1082 3416 praelatam
1102 3314 1259 3388 insulam
1274 3313 1340 3388 de·

268 3433 473 3524 vastabant,
493 3435 600 3507 armis
617 3436 766 3524 invasit,
787 3436 961 3535 protrivit
981 3450 1018 3507 et
1034 3433 1229 3534 superarit.
1247 3434 1340 3507 l'ucr

306 3714 345 3780 (r)
359 3708 469 3764 Nicolas
485 3707 520 3763 de
534 3708 850 3784 Baquerille-en·Caux;
868 3709 993 3784 Foulqnc
1009 3708 1159 3778 d'Aunon,
1183 3707 1292 3767 Robert
1307 3710 1342 3766 dr

271 3802 373 3860 Ceurci
395 3803 405 3869 l
415 3802 478 3873 pres
499 3798 725 3870 Croissanrillc);
749 3798 873 3855 Richard
893 3799 929 3855 de
947 3799 1072 3856 Neurille
1089 3800 1250 3874 (peut-etr!
1268 3800 1341 3857 Nen-

272 3889 347 3946 rille·
350 3888 453 3943 sur-o'l
438 3890 562 3962 cuque),
579 3888 680 3943 Baudri
694 3889 730 3944 de
742 3890 921 3964 llocquence3
935 3890 1036 3964 Wiger
1048 3889 1084 3945 de
1098 3890 1122 3944 la
1135 3890 1255 3946 Pouille

307 3984 316 4050 (
319 3984 392 4051 ι)
358 3981 401 4034 5
395 3991 447 4034 rnt·
448 3979 542 4035 Aubin
552 3980 587 4034 de
602 3981 751 4047 Bonneral,
762 3991 841 4036 entre
852 3981 878 4035 le
890 3981 944 4053 Sap
953 3990 982 4035 ct
996 3980 1098 4035 Orbrc.

308 4069 347 4143 (3)
360 4072 414 4125 Pro
415 4070 572 4127 bablemcnt
585 4073 676 4128 Saiot·
680 4072 788 4129 Nicolas
801 4072 849 4128 des
864 4070 997 4136 lettiers
1012 4090 1159 4127 commune
1173 4040 1315 4143 adjacente
1329 4090 1343 4125 a

275 4162 444 4235 llocquencr'.
