2768 5094
52 405 151 478 [nnc.
170 398 361 478 sonions]
436 395 552 458 tttttttt
573 395 753 458 renrtus.
1084 400 1126 461 ss

55 520 187 607 liliam,
204 534 352 619 neptem
368 517 502 590 scilicet
526 543 568 592 ex
595 542 721 592 sorore
740 517 888 590 llenrici
905 517 999 617 regis
1014 518 1127 593 Fran·

55 661 183 709 corum
199 634 278 732 (t),
293 635 483 733 conjugem
497 634 653 733 aceepit,
672 658 716 706 ex
732 658 802 732 qus
816 630 924 706 dante
939 633 1019 708 Deo
1033 633 1128 709 lilios

54 767 92 824 ct
121 751 210 824 filias
235 748 362 823 habuit
386 781 395 822 ε
419 747 638 823 lietbertum
663 746 828 822 videlicet
852 763 890 823 et
910 748 1125 840 Ricardum,

56 869 293 943 Willermum
312 885 349 942 et
368 868 586 956 llenricum,
606 866 788 941 Adelisam
805 883 842 941 ct
858 868 1128 957 Constantinus,

56 984 228 1058 Ceciliam
253 999 290 1060 et
316 982 463 1056 Adslsm
481 984 550 1083 (a)
574 983 627 1059 De
651 984 707 1057 his
733 984 917 1082 lugentem
942 981 1129 1057 historiam

56 1102 196 1176 dicaces
212 1100 491 1201 historiographi
510 1117 628 1174 texere
646 1117 812 1202 possunt,
836 1102 865 1174 si
888 1103 966 1176 otio
987 1117 1131 1178 remoto

57 1220 251 1321 studioque
272 1219 420 1294 admoto
442 1219 559 1293 varios
583 1218 781 1291 illustrium
805 1235 954 1293 eventus
978 1221 1131 1317 posteris

60 1334 290 1434 promulgare
317 1348 494 1434 satagunt.
525 1333 601 1408 Nos
626 1350 767 1422 autem,
791 1335 875 1434 quia
900 1332 1132 1409 saecularibtu

60 1451 172 1523 curiis
190 1477 265 1525 nou
285 1450 501 1539 insistimus,
521 1450 582 1526 sed
605 1451 642 1524 iu
663 1449 826 1525 claustris
841 1451 1051 1526 monasterii
1073 1450 1133 1527 dc·

59 1584 184 1668 gentes
208 1569 414 1642 monasticis
439 1565 545 1643 rebus
569 1566 832 1660 incumbimus,
856 1594 895 1643 es
920 1593 1003 1670 quae
1024 1565 1133 1644 uohis

61 1699 275 1784 competunt
298 1682 458 1759 breviter
479 1683 713 1774 adnotantes,
735 1683 780 1758 sd
806 1684 1004 1784 incoeptam
1024 1698 1134 1759 mete·

63 1803 152 1873 riam
170 1801 368 1876 redeamus.

112 1917 213 1990 Bello
233 1917 453 1991 Normannis
476 1935 603 1993 contra
622 1919 760 1992 vicinos
780 1919 947 1992 Britoues
966 1933 1003 1992 et
1019 1918 1135 1993 Certo·

64 2060 277 2108 mannenses
294 2034 517 2134 insurgente,
533 2035 748 2109 Willermus
760 2035 833 2108 dux
850 2035 1003 2108 consilio
1018 2035 1136 2109 senio·

63 2179 148 2224 rum
165 2153 290 2225 statuit
310 2153 406 2226 inter
422 2151 632 2226 dissidentes
648 2178 815 2252 proceres
832 2177 916 2225 suos
931 2177 1056 2250 pacem
1075 2151 1136 2226 lir-

63 2295 164 2342 mare
191 2286 228 2343 et
251 2269 371 2343 exules
401 2295 569 2342 revocare
593 2270 663 2366 (3)
694 2271 808 2370 lgitur
834 2268 1027 2368 optimates
1051 2292 1136 2344 suos

66 2385 263 2461 Rodullum
278 2386 323 2460 de
336 2387 473 2460 Toenia
487 2403 524 2459 et
540 2387 728 2487 llugonem
740 2387 785 2460 de
800 2384 1134 2474 Grcntemaisnilio,

63 2529 159 2602 qnos
171 2529 278 2602 supra
291 2502 446 2576 diximus
459 2530 542 2578 eum
554 2503 843 2594 exhaereditasse,
859 2521 895 2579 et
907 2521 1008 2579 extrs
1019 2503 1138 2579 solum

66 2645 152 2692 cum
164 2621 237 2692 suis
249 2618 460 2693 satellitibus
473 2619 628 2719 fugasse,
642 2619 966 2721 supplicationibus
979 2621 1138 2696 Simonis

65 2734 111 2807 de
136 2733 350 2810 Montelorti
375 2738 429 2833 (4)
458 2752 495 2811 et
520 2734 731 2809 Walerauni
760 2737 805 2810 de
825 2737 983 2811 Britolio
1015 2736 1139 2812 Belas-

66 2851 165 2925 oensi
181 2851 259 2948 (5),
277 2849 503 2950 aliorumque
519 2866 712 2951 potentum
728 2853 929 2926 amicorum
945 2869 982 2926 et
1001 2854 1140 2929 viciuo-

67 2993 153 3038 rum
174 2966 347 3040 delinitus
366 2969 568 3053 revocarit,
586 2968 708 3069 eisquc
729 2984 893 3069 paternas
914 2968 1140 3046 hereditates

69 3083 241 3157 restituit.
271 3085 449 3157 Ernsldus
470 3110 617 3186 quoque
642 3102 725 3186 post
749 3086 964 3161 triennalem
988 3113 1139 3162 werram

69 3202 200 3275 trevias
222 3229 242 3274 a
264 3200 356 3276 duce
381 3204 535 3303 accepit,
562 3220 598 3278 et
626 3204 664 3276 in
689 3204 856 3304 Apuliam
878 3203 922 3278 sd
945 3206 1080 3279 amicos
1103 3221 1141 3279 ct

105 3451 147 3517 (a)
160 3446 292 3504 sss-tte
302 3446 338 3502 de
352 3448 469 3512 Fraoce,
481 3446 536 3503 tlte
547 3447 586 3501 du
600 3449 641 3502 roi
655 3445 772 3501 llolsert.

105 3540 145 3605 (a)
162 3536 248 3592 Notre
257 3548 355 3593 auteur
366 3536 459 3592 ouhlie
476 3537 511 3591 ici
529 3536 653 3609 Agathe,
671 3534 768 3590 l'alne'e
782 3534 832 3590 des
845 3533 913 3590 lilles
927 3533 963 3589 de
975 3533 1139 3592 Gutum

69 3636 99 3679 et
121 3622 158 3680 de
182 3623 330 3691 llsthilde,
353 3623 424 3679 dont
445 3623 581 3679 l'lsistoire
597 3633 638 3679 est
652 3623 675 3678 si
698 3624 864 3688 touchaote,
877 3623 965 3698 etqui
980 3620 1024 3677 lut
1037 3620 1140 3677 liano&

71 3715 325 3769 mutronensi
337 3713 442 3770 llarold
452 3717 503 3769 eth
514 3714 663 3788 Alphouse,
674 3714 714 3767 roi
723 3712 758 3767 de
772 3713 854 3768 lkoo.
865 3713 901 3770 Sa
914 3711 1141 3769 mecedem

71 3805 206 3879 iudiqne'e
221 3823 328 3860 comme
340 3805 436 3861 l’sine'e
448 3803 552 3860 dsusls
567 3806 660 3861 Gallia
673 3805 846 3871 Christiana,
857 3806 927 3860 mais
940 3822 1010 3861 nous
1022 3820 1143 3878 pensons

71 3915 128 3969 que
137 3897 203 3951 t'est
217 3913 272 3949 une
285 3913 392 3950 crreur.

108 3982 199 4053 (3)st
213 3985 306 4058 rappel
317 3984 366 4037 ‹les
376 3984 461 4039 exile's
473 3982 524 4038 dut
537 3985 612 4039 avoir
621 3984 677 4039 lieu
689 4004 724 4039 en
743 3982 817 4039 1063.

108 4078 147 4143 (l,
166 4075 464 4139 llontlortd’hrnsuri,
479 4080 539 4148 [tres
555 4076 659 4130 llsntn

111 4165 149 4234 (5)
164 4166 285 4223 sanun
298 4185 333 4222 en
349 4167 512 4222 Besusoisis.
