2768 5094
272 384 330 444 168
546 377 731 438 ntsroula
752 375 1057 438 ecctssslas‘rlca.
1246 379 1338 455 [rost]
1375 390 1381 463 ξ

319 496 543 571 Adveniente
575 494 774 569 Guillelmo
804 523 887 596 rege
913 522 996 567 cum
1023 520 1151 595 magna
1183 495 1336 569 saeculau‘

269 617 406 718 gloria,
436 612 629 687 admodum
661 630 736 688 tota
766 614 883 687 laetata
910 629 965 688 est
989 612 1231 688 Normannia.
1269 613 1338 688 llio

269 748 374 807 crant
392 730 536 805 hiberni
554 748 590 805 et
605 731 945 833 quadragesimalem
965 731 1026 806 sed
1045 734 1082 806 in
1102 733 1338 831 episcopiisct

271 850 470 939 coenobiis,
490 849 552 928 ubi
576 876 692 926 novus
710 848 877 925 veniebat
899 877 982 938 rex,
1005 847 1249 923 initiabantur
1264 851 1338 923 Pas·

270 967 383 1041 cbalia
401 968 501 1042 festa.
524 966 623 1041 Nihil
641 965 930 1068 relinquebatur,
948 967 1047 1068 quod
1072 967 1109 1039 in
1126 966 1252 1041 studio
1271 966 1340 1039 talis

271 1083 560 1159 bonorificentiae
577 1086 633 1184 agi
657 1085 805 1159 solitum
826 1099 894 1157 est.
917 1086 1092 1158 Praeterea
1115 1083 1258 1184 siquid
1278 1110 1341 1161 uo·

269 1227 356 1273 vum
366 1200 566 1274 adinveniri
580 1202 716 1301 potuit,
730 1198 940 1274 addebatur.
954 1198 1071 1293 Quam
1084 1200 1262 1298 pictatem
1276 1201 1340 1301 ipre

270 1316 465 1390 confestim
499 1316 693 1416 multiplici
723 1316 823 1391 dono
856 1316 1169 1416 recompensavit,
1206 1317 1341 1391 donans

269 1435 394 1533 pallia,
420 1435 529 1508 libras
548 1437 651 1522 auri,
674 1435 813 1537 aliaque
835 1462 964 1537 magna
985 1432 1158 1508 altaribus
1179 1435 1342 1510 famulis·

269 1576 342 1652 que
358 1549 506 1625 Christi.
526 1551 699 1625 Ecclesias
716 1568 838 1624 autem
848 1605 860 1640 ,
876 1577 965 1652 quas
981 1551 1173 1650 praesentia
1190 1577 1255 1624 sua
1273 1576 1342 1627 nou

270 1668 428 1740 visitavit
436 1720 447 1755 ,
469 1665 680 1741 muneribus
696 1668 811 1740 missis
826 1667 1037 1741 laetificarit.

319 1783 375 1857 Ad
386 1782 601 1858 coenobium
611 1785 752 1857 Sanctae
765 1785 955 1858 Trinitatis
972 1785 1137 1858 Fiscsnni
1153 1783 1345 1883 Pascha(il

270 1900 486 1989 celebrarit,
518 1899 580 1974 ubi
610 1902 814 2004 frequentia
846 1904 1044 2002 praesulum
1074 1917 1110 1976 et
1145 1900 1343 1990 abbatum,

270 2018 525 2120 nobiliumque
552 2021 716 2093 virorum
743 2020 926 2096 convenit.
949 2021 1055 2092 Tunc
1080 2018 1259 2092 liudulfus
1281 2045 1345 2095 co-

270 2163 346 2211 mes
365 2139 441 2236 (a),
464 2136 621 2238 Philippi
647 2138 740 2237 regis
764 2138 986 2210 Francorum
1009 2136 1183 2225 vitricus,
1209 2134 1345 2209 mults-

270 2281 342 2355 que
365 2253 535 2328 nobilitas
563 2254 723 2327 Franciae
748 2253 874 2341 affuit,
901 2269 938 2327 et
960 2254 1157 2355 crinigeros
1184 2251 1345 2353 Anglicoe

270 2374 470 2446 Britannice
486 2371 652 2446 alumnos
669 2372 810 2445 curiose
825 2368 1056 2462 intuebatur,
1070 2387 1108 2445 et
1119 2371 1214 2470 regis
1231 2372 1346 2471 regio-

272 2514 427 2589 rumque
448 2487 644 2562 satellitum
669 2487 877 2563 indumenta
904 2491 1040 2564 intexta
1059 2505 1168 2590 atque
1189 2504 1343 2561 crustata

272 2632 362 2680 auro
383 2605 641 2679 admirabatur.
658 2607 748 2677 Vasa
773 2633 860 2681 vero
878 2632 982 2680 aurea
1000 2606 1056 2681 vel
1073 2621 1263 2705 argentea,
1285 2631 1345 2679 seu

272 2720 443 2796 bubalina
457 2748 593 2797 cornua
604 2722 706 2796 fulvo
716 2723 863 2796 metallo
875 2725 968 2796 circa
979 2722 1225 2796 extremitates
1236 2738 1345 2794 utras·

272 2863 343 2939 que
355 2838 520 2913 decorata
537 2839 639 2913 laude
654 2838 856 2913 attollebat.
876 2839 1040 2939 Denique
1051 2837 1207 2937 plurima
1224 2836 1344 2936 hujus·

273 2956 413 3030 cemodi
424 2958 663 3056 competentia
675 2957 782 3057 regali
794 2954 1072 3058 magnificentiae
1079 2955 1207 3029 Franci
1216 2980 1344 3053 magna

273 3071 471 3160 notabant,
496 3099 580 3173 quae
597 3075 727 3146 reversi
751 3074 901 3146 domum
921 3071 973 3145 'ob
992 3073 1191 3146 novitatem
1206 3071 1344 3171 praedi·

273 3206 407 3262 carent.

323 3305 508 3382 Celebrate
518 3307 660 3381 Pascbae
671 3308 914 3400 solemnitate,
923 3335 984 3382 rex
994 3307 1149 3382 dedicari
1162 3306 1339 3381 basilicam

274 3426 415 3498 Sanctae
431 3426 555 3498 Mariae
567 3451 674 3524 super
684 3426 813 3497 Dicam
825 3427 880 3523 (3)
891 3426 1082 3524 praecepit,
1098 3422 1161 3496 ubi
1176 3425 1251 3524 ipse
1261 3449 1339 3495 cum

272 3567 405 3642 magno
421 3557 522 3615 coetu
535 3543 750 3641 optimatum
765 3558 802 3614 et
819 3543 1053 3617 mediocrium
1072 3543 1142 3614 kal.
1153 3543 1237 3614 maii
1249 3566 1340 3614 reve

310 3821 318 3883 l
326 3823 348 3887 ι)
368 3818 404 3871 lc
415 3819 481 3888 jour
494 3817 528 3872 ‹lc
540 3819 646 3892 Piquca
659 3821 726 3873 c'tait
738 3830 810 3875 cette
822 3821 950 3877 sande-la
965 3820 989 3874 lc
1003 3821 1019 3875 8
1032 3818 1108 3873 avril.

310 3913 350 3972 (a)
370 3906 458 3961 llaoul
472 3906 513 3967 ll,
528 3907 570 3960 dit
581 3908 605 3960 lc
617 3907 729 3969 lisand,
741 3921 831 3965 coniti·
842 3910 876 3963 ile
885 3910 981 3981 Crcspi
991 3918 1020 3961 ct
1031 3906 1066 3960 dr
1077 3906 1181 3961 valois.
1200 3904 1291 3975 l'oyrz
1305 3922 1344 3957 ci·

274 3997 369 4050 (lessus
381 4016 449 4068 pago
467 3994 515 4048 113

310 4082 348 4155 (3)
369 4085 501 4139 Ι,ἠΙιΙι.ἰιι·
519 4084 552 4137 tlt·
577 4085 762 4139 ton-attane
783 4091 796 4135 'a
819 4084 1168 4139 saint-t’ienn-sur-Dni.
1190 4080 1293 4137 ioudc'c
1310 4100 1345 4137 cu

281 4174 354 4239 rolli.
