2768 5094
291 322 351 386 346
565 316 747 380 HISTORIA
768 314 1074 378 uectustmtca.

291 443 405 517 banus
423 464 553 542 genere
570 439 717 527 Scotus,
737 451 928 538 postquam
945 436 984 513 iu
999 433 1117 510 Gallia
1132 435 1351 509 hunricus

291 558 550 634 monasterium
563 568 826 641 construxerat,
844 554 880 626 in
894 552 994 626 ltalia
1007 552 1044 628 in
1059 550 1219 652 Alpibus
1232 551 1352 628 cottiis

291 673 468 750 Bobiense
484 671 659 745 mndidit.

293 857 334 894 ro.
425 837 578 895 Audoenus
588 837 656 892 huic
669 837 807 904 suoooesit,
822 835 973 908 pontificali

428 927 538 983 Ordine
551 924 758 1000 splendescens,
770 924 921 982 virtutihus
932 934 1016 999 atquo
1027 923 1170 998 reidgeu
1179 927 1192 994 (
1198 928 1236 994 a).

292 1084 359 1155 Hic
373 1105 463 1154 xnrn
482 1083 598 1169 annis,
618 1097 780 1180 tempore
792 1078 990 1168 Theodori,
1005 1079 1173 1167 Martini,
1187 1079 1351 1181 Eugenii,

292 1199 479 1288 vitaliani,
497 1197 692 1291 Adeodati,
709 1198 804 1272 Doni
813 1251 825 1288 ,
840 1195 1056 1300 Agathonis,
1072 1197 1230 1285 honis,
1247 1199 1353 1274 Bene·

291 1316 377 1388 dicti
395 1315 613 1390 etJohannis
622 1341 810 1419 paparum,
824 1315 1041 1391 Heracleona
1059 1314 1137 1389 fitio
1151 1315 1311 1391 Heraclii
1323 1331 1352 1390 et

292 1431 409 1507 tribus
421 1434 668 1508 constantinis
682 1431 954 1535 imperantibus,
966 1430 1287 1531 insigniterfulsit,
1298 1432 1352 1505 diu

292 1564 328 1622 et
338 1546 544 1638 benevixit,
553 1549 710 1624 multum
722 1546 911 1638 laboravit,
923 1547 1166 1649 Ecclesiaeque
1175 1545 1246 1622 Dei
1255 1547 1352 1620 mira·

292 1666 413 1739 biliter
424 1665 577 1769 profuit.
597 1667 660 1741 Vis
670 1665 761 1739 mihi
775 1664 820 1739 ad
833 1664 1073 1739 enarrandum
1086 1664 1213 1740 deficit
1227 1678 1351 1766 quanta

292 1781 481 1860 nobilitate
497 1800 535 1859 et
547 1787 748 1874 sanctitate,
764 1785 937 1885 omnique
949 1782 1130 1885 probitate
1146 1784 1207 1856 vir
1224 1783 1290 1858 iste
1301 1785 1349 1855 vi-

290 1901 382 2000 guit.
399 1901 577 1975 Martinus
593 1927 684 2002 papa
698 1899 878 2002 synodum
892 1925 938 1974 cv
951 1899 1147 1999 praesulum
1161 1900 1293 1979 Romu
1307 1914 1350 1972 tc·

291 2018 390 2108 nuit,
404 2035 441 2092 et
453 2017 686 2118 postmodum
700 2043 767 2118 pro
778 2016 848 2091 fide
859 2015 1033 2091 catholiea
1044 2041 1111 2119 per
1121 2012 1351 2093 Theodorum

292 2133 1350 2237 exarchum,jussuConstantininepotisileraciii,raptusost,

136 2271 138 2279 '
292 2255 657 2353 etapudChersonam
667 2254 855 2354 relegatus,
869 2251 1231 2352 sanctofinequievit.
1243 2249 1350 2326 Theo

291 2373 399 2446 dorus
415 2373 701 2472 archiepiscopus
718 2387 754 2444 et
770 2369 948 2442 Adrianus
964 2366 1072 2443 abbas
1083 2369 1141 2440 vir
1152 2395 1260 2471 aeque
1272 2369 1350 2444 doc·

291 2491 466 2578 tissimus,
484 2490 696 2563 aVitaIiano
708 2515 795 2588 papa
810 2487 907 2560 missi
924 2487 1166 2575 Britanniam,
1184 2487 1351 2587 plurimas

291 2605 493 2704 Anglorum
510 2605 670 2678 ecclesias
691 2603 869 2678 doctrinar
885 2602 989 2704 fruge
1006 2601 1282 2676 foecundarunt.
1299 2602 1351 2674 Ex

290 2747 365 2820 quo
384 2720 578 2822 Gregorius
598 2748 688 2822 papa
706 2720 965 2821 dispensatores
981 2720 1094 2795 divini
1119 2721 1267 2795 seminis
1284 2723 1352 2795 mi-

291 2837 339 2908 sit
365 2839 402 2910 in
425 2837 609 2940 Angliam,
635 2838 854 2938 Augustinus
878 2853 917 2911 et
936 2838 1172 2927 laurentius,
1197 2838 1353 2912 Mettica

293 2954 554 3030 Lundoniensis
579 2972 616 3031 et
636 2958 758 3028 Justus
781 2954 964 3044 Rofensis,
988 2955 1170 3030 Honorius
1186 2971 1224 3028 et
1241 2954 1354 3029 uem-

291 3071 391 3144 dedit
417 3076 708 3147 cantuariensem
732 3074 915 3147 ecelesiam
938 3087 1132 3160 rexerunt,
1161 3088 1198 3146 et
1219 3072 1354 3146 &uuae

291 3215 390 3288 reges
417 3187 644 3263 Edilbertum
673 3204 710 3262 et
736 3187 979 3279 Eadbaldum,
1011 3184 1294 3263 Ercombertum
1320 3201 1354 3261 et

294 3303 488 3404 ligbertum
506 3330 589 3377 cum
610 3304 767 3406 subjecta
789 3320 896 3405 gente
918 3305 963 3378 ad
987 3302 1095 3379 fidem
1117 3303 1253 3378 Christi
1271 3329 1355 3404 per-

292 3439 493 3496 traxerunt.
508 3423 688 3522 Septimus
699 3422 742 3496 ad
755 3422 988 3523 presulatum
1001 3421 1178 3523 Vigardus
1190 3419 1237 3494 ab
1248 3421 1354 3496 Osvio

290 3556 327 3609 et
342 3538 500 3640 Egberto
512 3538 656 3638 regibus
668 3540 800 3614 eiectus
813 3556 887 3627 est,
905 3554 942 3614 et
956 3540 1108 3614 Romam
1122 3538 1166 3612 ad
1182 3539 1353 3613 ordinan-

289 3657 377 3730 dum
392 3659 517 3731 missus
532 3673 597 3731 est.
615 3655 667 3730 lbi
679 3655 767 3730 dum
781 3656 1060 3733 consecrationis
1074 3669 1250 3728 statutum
1261 3655 1353 3729 diem

294 3773 573 3868 praestoiaretur,
583 3771 772 3847 defunctus
783 3789 856 3860 est,
870 3799 938 3875 pro
947 3800 1020 3874 quo
1031 3771 1246 3847 Theodorus
1254 3773 1352 3847 Grae·

328 4085 336 4141 s
344 4085 365 4150 ι)
384 4082 461 4136 Saint
472 4085 554 4137 Onon
565 4086 574 4150 (
581 4083 682 4149 fiio-ad
696 4085 760 4140 aotit
774 4085 850 4149 685).
