2768 5094
154 347 194 408 rc
427 346 608 407 msrcnu
630 344 932 408 scetesnsrrca.
1009 349 1211 429 [roso-rw]

155 481 334 553 cerneret,
352 480 388 538 et
404 481 538 539 eterna
555 479 705 565 propter
720 467 902 566 apostasiae
919 478 1067 539 reatum
1083 469 1215 570 suppli-

155 585 207 655 cia
228 597 423 669 metueret,
442 579 561 655 abbati
581 581 776 670 Mainerio,
795 583 859 683 qui
875 597 959 682 post
974 584 1214 660 venerabilem

156 697 393 773 Teodericum
418 712 566 798 quartus
589 696 683 769 idem
699 698 793 771 rexit
819 695 1059 788 coenobium,
1084 700 1217 801 snppli-

156 816 249 887 cavit
279 829 319 887 ut
348 812 510 889 habitum
539 813 576 885 S.
602 812 806 902 Benedicti,
832 841 941 914 quem
963 818 1128 914 peccatis
1154 818 1216 890 suis

156 930 367 1006 facientibus
380 930 590 1032 reliquerat,
605 929 673 1002 sibi
689 932 865 1005 redderet.
882 932 1001 1025 Quem
1016 959 1108 1006 cum
1120 934 1217 1034 adep

158 1065 215 1121 tus
232 1048 370 1137 suisset,
387 1046 503 1121 trihus
517 1036 802 1121 hebdomadibus
817 1049 1017 1148 supervixit
1031 1065 1072 1124 et
1091 1049 1219 1127 ibidem

156 1167 268 1237 vitam
286 1163 417 1237 [inivit.
443 1162 636 1235 Infirmitas
657 1164 753 1237 enim
778 1165 872 1236 illius
895 1180 967 1236 tem
984 1166 1112 1266 gravis
1129 1181 1217 1255 ent,

157 1307 239 1381 quse
254 1279 370 1353 officio
386 1278 527 1352 mulieri
545 1302 665 1351 carere
681 1303 756 1351 nou
771 1293 912 1378 poterat
918 1307 928 1366 ;
950 1279 1110 1382 ideoque
1124 1281 1219 1355 rivus

157 1394 288 1467 deferri
309 1392 472 1493 nequivit
491 1389 534 1463 ad
553 1393 811 1465 monasterium
828 1391 923 1466 unde
940 1392 1169 1470 discessent.

205 1512 248 1582 In
260 1507 384 1582 diebus
393 1507 577 1581 Willermi
590 1506 688 1580 ducis
699 1506 932 1581 Normanniae
944 1511 1008 1583 lvo
1021 1509 1124 1584 filius
1132 1509 1220 1585 Wil-

158 1629 261 1701 lermi
281 1626 511 1701 Belesmeusis
527 1625 728 1724 sagiensem
745 1625 987 1725 episcopatum
1002 1626 1175 1728 regebat,
1187 1642 1222 1701 et

158 1741 386 1816 haereditario
395 1744 477 1840 jure
487 1767 529 1815 ex
540 1756 687 1839 paterna
699 1741 938 1829 successione,
956 1740 1139 1817 fratribus
1154 1744 1220 1816 suis

159 1859 316 1932 Warino
338 1872 374 1931 et
396 1855 582 1932 Rodberto
608 1872 715 1959 atque
730 1856 924 1931 Willermo
945 1855 1217 1946 deficientibus,

158 1973 380 2047 Belesmense
400 1971 573 2072 oppidum
589 1969 791 2070 possidebat
807 1972 878 2070 (1).
898 1972 965 2044 Hic
980 1988 1060 2045 erat
1080 1973 1220 2051 liuen-

159 2074 251 2164 rum¹
264 2092 399 2190 peritus
422 2107 458 2164 et
479 2115 630 2190 corpore
649 2088 820 2182 decorus,
840 2116 941 2190 sagax
963 2107 1000 2163 et
1021 2091 1217 2180 facundus,

159 2210 312 2296 facetus,
332 2209 559 2308 multumque
571 2212 727 2306 jocosus.
746 2209 901 2282 Clericos
916 2223 953 2282 et
965 2209 1170 2285 monachos
1184 2223 1221 2282 ut

160 2342 262 2427 pater
272 2326 365 2399 filios
376 2322 535 2412 amabat,
548 2339 584 2397 et
597 2326 691 2398 inter
701 2328 903 2427 praecipuos
911 2327 1046 2401 amicos
1056 2326 1218 2403 abbatem

160 2441 399 2515 Teodericum
412 2437 663 2514 venerabiliter
676 2439 827 2514 colebat.
843 2443 944 2541 Saepe
957 2443 1220 2517 conveniebant

160 2557 203 2629 ad
221 2556 356 2656 privata
375 2555 568 2657 colloquia.
592 2557 682 2629 Nam
701 2559 887 2659 sagiorum
903 2556 989 2632 urbs
1005 2575 1150 2658 septem
1163 2585 1220 2634 so-

162 2671 347 2745 tummodo
368 2672 478 2772 leugis
493 2671 601 2745 distat
622 2672 667 2744 ab
682 2673 842 2748 Uticensi
863 2672 1003 2746 abbatia
1020 2675 1096 2773 (a).
1123 2682 1220 2749 Prs-

160 2790 223 2862 sati
251 2789 412 2889 praesuiis
438 2807 583 2890 neptem
604 2792 752 2865 nomine
774 2790 956 2864 Mabiliam
978 2793 1160 2891 Rogerius
1181 2791 1220 2865 dc

160 2907 481 2981 Moutessomerici
495 2909 740 2983 Orimeusium
753 2909 949 2982 vicecomes
962 2908 998 2980 in
1012 2910 1220 3011 conjugium

162 3020 313 3095 habebat
322 3050 333 3110 ;
352 3050 418 3121 pcr
431 3051 539 3124 qnam
553 3051 718 3125 magnam
733 3040 870 3123 partem
884 3025 1115 3123 possessionis
1126 3025 1220 3100 Wil-

160 3139 265 3212 lermi
282 3139 512 3214 Belesmeusis
529 3139 747 3214 obtinuerat.
769 3141 837 3232 Qui
856 3140 1017 3241 praedicti
1039 3140 1221 3240 pontificis

162 3259 335 3331 instinctu
349 3273 386 3332 et
398 3259 549 3333 consilio
562 3259 744 3334 ecclesiam
758 3262 795 3332 S.
810 3260 955 3332 Martini
969 3259 1063 3359 apud
1075 3260 1219 3360 Sagium

161 3372 359 3448 Teoderico
375 3371 496 3446 abbati
512 3374 550 3446 S.
572 3372 713 3447 Ebrulfi
730 3375 894 3461 tradidit,
911 3399 1065 3474 eumque
1084 3390 1128 3447 ut
1148 3371 1219 3446 ibi-

159 3491 242 3564 dem
263 3490 474 3564 cccnobium
492 3491 694 3565 monachile
710 3506 946 3579 construeret,
966 3515 1048 3563 cum
1067 3494 1217 3592 conjuge

160 3633 220 3679 sua
247 3634 473 3707 summopere
498 3611 649 3708 rogavit.
679 3614 732 3683 At
754 3610 814 3684 ille
835 3609 928 3683 haud
947 3610 1106 3711 segniter
1128 3609 1216 3683 asti·

194 3928 232 3994 (r)
247 3926 304 3978 ires
317 3924 351 3977 dc
361 3924 494 3994 Redime,
509 3927 612 4000 eroque
624 3925 659 3980 de
672 3927 737 3982 scer
751 3925 848 3999 depuis
865 3922 929 3979 1035
939 3923 1049 3998 jutqu'a
1063 3941 1140 3998 ¹⁰7⁰·

195 4018 234 4084 (a)
249 4016 296 4068 Les
311 4015 395 4069 lienes
405 4014 474 4069 dont
487 4016 562 4090 parte
574 4017 609 4069 ici
624 4028 704 4070 notre
715 4027 814 4070 auteur
823 4033 892 4069 nous
904 4015 1054 4087 persistent
1066 4012 1127 4066 dtrr
1139 4009 1213 4065 d'en·

161 4123 236 4157 turon
251 4124 319 4157 'tatto
334 4116 422 4158 totscs.
