2768 5094
63 427 278 509 [roseam]
438 422 553 486 umen
574 421 753 484 renatus.
1095 426 1133 484 sa

64 543 392 621 contristabantur.
405 543 510 614 Tune
521 537 748 641 Rogeriusde
761 539 1085 616 Montellomeriei
1098 557 1136 614 et

65 661 213 736 blabilia
226 685 321 733 uxor
338 663 411 759 ejus
424 673 547 732 exorta
563 656 744 729 simultate
757 654 972 756 gaudebant,
986 672 1023 751 et
1036 655 1137 730 blan·

66 780 122 854 dis
152 778 418 854 adulationibus
446 777 514 850 sibi
543 776 670 848 ducem
700 773 924 866 alliciebant,
949 790 985 847 et
1009 788 1136 849 contra

68 899 209 971 vicinos
231 921 314 969 suos
334 894 469 968 callidis
489 891 707 967 factionibus
721 907 946 965 commotum
959 892 1076 965 aerius
1093 893 1137 964 ad

70 1015 161 1087 iram
172 1012 416 1088 concitabant.
434 1011 626 1085 Animosus
640 1025 760 1082 autem
772 1007 845 1082 dux
858 1010 939 1108 plus
952 1036 1058 1112 aequo
1072 1010 1137 1085 irae

70 1129 185 1203 l'roena
204 1129 384 1216 relaxans,
404 1127 607 1228 praecipuos
625 1124 756 1197 milites
773 1122 969 1196 lindulfum
989 1125 1033 1198 de
1045 1125 1140 1199 Toe-

69 1247 130 1319 nia
157 1260 195 1318 et
218 1245 407 1344 llugonem
424 1242 468 1316 de
484 1239 801 1314 Grentemaisnilio
817 1255 924 1340 atque
940 1240 1140 1314 Ernaldum

69 1361 116 1434 de
134 1360 315 1435 Faealfoio
336 1375 373 1434 et
386 1358 541 1435 barones
558 1384 685 1433 eorum
702 1357 993 1445 exhaereditavit,
1009 1373 1047 1430 et
1062 1359 1141 1433 sine

72 1474 322 1577 probabilibus
351 1475 465 1576 culpis
487 1475 549 1547 diu
577 1474 719 1548 exulare
744 1475 874 1574 coegit.
903 1476 1008 1546 Tune
1033 1476 1140 1548 etium

72 1593 279 1670 Rodbertus
293 1594 520 1667 Uticensium
540 1590 647 1664 abbas
669 1589 713 1664 ad
737 1593 874 1664 curiam
891 1593 991 1665 ducis
1007 1595 1141 1667 accitus

70 1728 145 1799 est,
161 1710 256 1786 etad
271 1709 366 1784 diem
380 1725 555 1782 statutum
569 1708 613 1782 de
626 1708 839 1809 quibusdam
855 1709 1031 1799 reatibus,
1046 1711 1143 1787 unde

71 1828 164 1902 falso
177 1842 358 1900 accusatus
371 1826 508 1915 suerat,
525 1826 744 1925 respondere
753 1830 870 1925 jussus
881 1845 945 1902 est.
962 1830 1067 1902 llune
1080 1830 1142 1904 ni·

71 1947 209 2017 mirum
224 1945 410 2017 llainerius
422 1943 710 2016 Castellioucnsis
723 1943 920 2019 monachus
933 1948 1059 2045 (quem
1070 1949 1145 2046 ipse

71 2063 233 2163 priorem
248 2060 478 2136 Uticensibus
496 2061 724 2161 praefecerat,
740 2061 835 2134 etad
856 2063 981 2135 intima
996 2065 1144 2138 consilia

71 2205 135 2251 sua
149 2179 247 2252 velut
265 2177 407 2252 fidelem
423 2179 579 2250 amicum
596 2176 843 2252 indubitanter
856 2182 1086 2281 accersierat)
1100 2180 1145 2255 de

70 2295 289 2397 quibusdam
304 2295 469 2369 ludibriis
482 2312 518 2371 et
534 2297 744 2396 improvidis
758 2296 880 2387 dictis,
901 2300 1055 2401 ducique
1068 2302 1148 2400 pri-

72 2416 186 2487 vatim
202 2413 459 2513 derogantibus
475 2414 569 2514 apud
588 2415 706 2514 ipsum
719 2433 958 2491 accusaverat.
981 2418 1045 2492 llle
1059 2444 1146 2495 veto

73 2544 117 2601 ut
129 2529 257 2604 ducem
271 2545 397 2603 contra
418 2557 473 2617 se,
492 2545 679 2630 totamque
695 2557 793 2603 suam
812 2532 1032 2631 parentelam
1045 2533 1149 2609 rebe·

73 2661 219 2720 menter
234 2646 415 2720 furentem
432 2663 469 2720 et
485 2672 615 2721 nocere
633 2651 837 2747 cupientem
853 2652 981 2739 sensit,
1000 2651 1149 2729 indicio-

72 2790 148 2864 que
158 2764 357 2837 amieorum
368 2791 516 2839 suorum
530 2764 810 2838 malivolentiam
825 2766 924 2840 ducis
937 2767 1004 2840 sibi
1017 2769 1147 2843 damna

74 2878 326 2955 membrorum
354 2881 488 2956 inferre
506 2882 660 2955 volentis
678 2885 852 2957 veraciter
871 2887 1036 2982 agnovit,
1055 2911 1150 2960 oon-

74 2996 159 3068 silio
171 2996 333 3096 Hugonis
346 2996 573 3072 lexoviensis
585 2999 741 3097 episcopi
757 3000 1004 3073 imminentem
1017 3000 1150 3075 suriam

73 3111 257 3183 declinare
273 3112 374 3210 prius
393 3139 500 3212 quam
515 3113 684 3186 damnum
708 3115 935 3214 irreparabile
949 3134 1148 3215 pateretur,

73 3227 199 3327 elegit.
221 3229 349 3301 Tertio
373 3229 491 3330 itaque
516 3229 699 3327 regiminis
723 3232 776 3301 sui
802 3259 900 3304 anno
922 3248 975 3306 vs⁰
999 3235 1067 3307 lael.
1091 3233 1151 3308 l'e-

74 3346 215 3419 bruarii
225 3347 281 3445 (ι)
291 3362 480 3446 postquam
490 3346 640 3419 sabbato
650 3345 694 3419 ad
706 3374 865 3447 vesperas
879 3350 1147 3449 Antiphonem:

76 3466 246 3541 Peccata
276 3492 376 3556 ntea,
411 3466 587 3551 Dandae,
615 3467 937 3563 pvovsvnieiavevat,
961 3468 1148 3557 (bscessit,

72 3582 301 3683 ascensisque
324 3585 425 3683 equis
451 3610 531 3654 curn
558 3582 699 3655 duobus
727 3585 912 3656 monacbis
934 3586 1093 3662 Fuluone
1114 3606 1152 3662 et

76 3698 175 3768 l'rso
193 3697 345 3769 Galliam
366 3698 533 3796 ‹expetiin
555 3716 590 3771 ct
613 3698 695 3770 inde
716 3699 864 3772 Nicolao
883 3728 984 3800 papa·
1004 3720 1151 3777 eventus

75 3843 164 3889 satos
187 3815 407 3890 revelaturus
426 3816 526 3887 adiit.

131 3934 271 4004 luterea
285 3932 551 4006 Narniensibus
565 3933 634 4006 dats
652 3964 716 4035 per
731 3935 921 4008 cuttsilium
940 3936 1152 4011 venerabilis

122 4200 162 4261 ,vt
177 4195 376 4266 leayjanvaer
392 4195 451 4255 aubi
