2768 5094
277 377 313 434 16
548 369 732 430 HISTORIA
754 368 1058 432 nectusltsttca.
1131 310 1333 455 [tosti-toto]

324 491 523 584 Geroiauus
543 489 756 562 Willermus
775 490 876 563 omni
895 490 965 562 vita
982 516 1044 563 sua
1060 490 1261 568 Ecclesiam
1276 497 1334 568 Dei

274 606 422 694 dilexit,
452 620 489 678 et
517 604 712 680 monachos
741 620 778 679 et
806 605 975 695 clericos,
1001 608 1161 708 aliosque
1191 612 1335 713 religio-

276 749 333 797 sos
357 719 519 795 homiues
541 719 745 793 honoravit.
772 720 831 792 Bis
857 721 894 792 iu
918 720 1111 795 Jerusalem
1135 725 1334 824 sepulcrum

274 838 422 912 Domini
447 838 596 937 expetiit
622 839 678 936 (ι)
704 869 714 908 :
742 836 850 911 semel
875 836 961 909 dum
991 839 1183 912 incolumis
1207 861 1286 916 erat
1305 861 1335 916 ct

274 955 513 1054 prosperitate
538 953 709 1055 praeditus
716 1006 726 1042 ,
759 955 960 1054 iterumque
986 969 1069 1052 post
1094 955 1334 1031 infortunium

275 1070 374 1172 quod
399 1073 431 1145 ei
460 1073 616 1145 evenisse
643 1071 846 1145 retulimus.
873 1071 960 1143 Post
986 1069 1144 1144 reditum
1174 1075 1334 1148 secunde

274 1190 573 1291 peregrinationis
585 1188 756 1261 saeculum
772 1187 933 1286 reliquit,
952 1201 988 1260 et
999 1189 1153 1260 Beccum
1170 1208 1334 1291 expetens

275 1307 515 1382 monachilem
529 1304 693 1378 habitum
711 1303 844 1377 ibidem
858 1307 1067 1403 assumpsit,
1083 1321 1119 1380 et
1132 1307 1334 1384 Uticensem

274 1423 456 1499 ecclesiam
488 1424 601 1495 sancti
631 1421 726 1494 Petri
757 1420 872 1494 eidem
902 1421 983 1494 loco
1011 1420 1140 1496 devote
1177 1424 1333 1497 tradidit.

275 1541 399 1639 ltaque
416 1537 610 1610 Herluinus
625 1534 733 1608 abbas
755 1534 996 1608 lanfrancum
1017 1537 1241 1612 monachum
1258 1541 1334 1641 (qui

275 1672 397 1756 postea
414 1655 690 1728 Cantiuriorum
708 1651 993 1751 archiepiscopus
1010 1654 1151 1752 extitit)
1173 1682 1261 1728 cum
1276 1658 1337 1728 tri-

273 1771 343 1844 bus
365 1768 549 1844 monachis
573 1769 719 1842 Uticum
741 1766 895 1859 direxit,
919 1784 956 1840 et
979 1794 1126 1867 percos
1151 1771 1336 1844 servitium

274 1887 361 1974 Dei,
376 1885 474 1987 quod
483 1882 680 1969 deciderat,
696 1879 786 1954 inibi
801 1883 989 1955 restaurari
1003 1881 1102 1955 secit.
1118 1883 1228 1957 Tunc
1242 1885 1336 1959 locus

276 2004 349 2103 ipse
373 2003 532 2083 desertus
559 2017 654 2088 erat,
684 2015 721 2074 et
745 2027 966 2074 succrescens
996 1999 1123 2075 hedera
1148 2005 1335 2078 maceriem

275 2121 432 2196 ecclesiae
445 2117 687 2219 cooperiebat.
704 2120 784 2192 Duo
797 2119 862 2191 soli
877 2145 976 2192 senes
993 2119 1132 2206 clerici,
1148 2120 1336 2196 Restoldus

276 2257 312 2314 et
324 2243 539 2340 lngrannus,
559 2235 692 2309 ibidem
709 2234 958 2324 morabantur,
974 2221 1009 2310 et
1023 2236 1060 2308 in
1079 2251 1177 2309 tauta
1193 2236 1336 2313 heremo

275 2354 343 2427 sub
360 2381 515 2454 paupere
530 2354 604 2424 vita
622 2352 696 2426 Deo
712 2378 780 2451 pro
797 2379 898 2452 posse
916 2379 982 2426 suo
999 2352 1283 2428 famulabantur.

283 2526 286 2536 .
326 2472 410 2544 Post
430 2471 569 2569 aliquot
589 2470 762 2567 temporis
778 2467 1009 2558 Willermus,
1029 2467 1092 2541 ubi
1113 2485 1197 2543 vota
1222 2498 1335 2572 uepo-

278 2602 357 2658 tum
372 2610 520 2659 suorum
533 2582 578 2657 de
591 2582 850 2672 construenda,
867 2603 908 2657 ut
925 2583 1174 2683 praediximus,
1197 2584 1335 2659 abbatia

277 2702 478 2800 comperit,
505 2699 651 2770 accessit
672 2697 717 2770 ad
737 2725 814 2785 eos,
838 2716 874 2773 et
894 2698 1010 2772 dixit:
1030 2699 1185 2772 Gaudeo
1210 2702 1332 2788 ualde,

278 2820 459 2892 carissimi
485 2821 572 2904 mei,
593 2816 693 2915 quod
716 2816 812 2890 Deus
839 2819 1066 2918 omnipotens
1093 2816 1201 2891 cordi
1224 2837 1334 2892 vestm

278 2936 457 3034 impirurc
479 2933 653 3032 dignutus
675 2950 728 3006 est
759 2949 797 3004 ut
819 2935 857 3004 in
884 2935 999 3032 ipsius
1022 2935 1168 3007 nomine
1192 2937 1333 3008 domuin

189 3060 194 3067 '
265 3049 476 3149 jabricetis.
497 3047 574 3120 Sed
592 3047 723 3120 videtis
746 3050 834 3147 quia.
857 3050 958 3122 lactu
982 3051 1067 3138 iste,
1093 3049 1157 3122 ubi
1177 3052 1332 3152 coepistit

278 3165 486 3260 aedificare,
513 3164 735 3236 habitationi
757 3165 1017 3240 monachorum
1040 3186 1149 3268 aptus
1174 3192 1246 3237 uon
1269 3185 1330 3249 est,

279 3287 368 3388 quia
378 3283 512 3357 ibidem
521 3309 621 3383 aqua
631 3283 742 3372 deest,
755 3300 789 3355 et
799 3311 926 3357 nemus
937 3286 1043 3384 longe
1054 3302 1105 3357 est
1110 3285 1176 3382 (a)
1192 3283 1331 3356 Certum

311 3588 350 3656 (r)
367 3585 416 3642 0u
438 3603 517 3639 verra
533 3603 584 3658 par
606 3583 633 3638 la
644 3585 715 3638 suite
726 3582 761 3638 de
779 3594 853 3638 cette
873 3583 988 3638 histoire
1007 3601 1062 3656 que
1080 3582 1106 3638 le
1118 3583 1280 3656 pilerinage
1291 3580 1332 3635 det

278 3674 363 3728 saints
375 3672 449 3728 lieux
466 3674 534 3727 e'tait
546 3672 616 3726 aussi
630 3671 760 3746 frequent
771 3672 838 3726 cher
856 3670 894 3724 les
907 3656 1063 3726 Normauds
1075 3689 1110 3724 au
1124 3682 1159 3723 ιι·
1172 3670 1270 3736 niele,
1284 3685 1332 3742 qut

277 3762 349 3817 celui
362 3762 398 3815 de
410 3762 500 3816 Rome
513 3761 579 3816 chez
592 3762 630 3816 let
642 3760 853 3832 anglo-saxone
866 3779 901 3815 au
914 3771 981 3812 viru.

312 3854 352 3922 (a)
367 3854 404 3908 Le
415 3852 553 3925 roisiuage
565 3852 613 3907 des
628 3853 713 3907 lorets
723 3853 793 3907 erait
805 3851 984 3907 doublement
996 3849 1198 3922 indispensable
1214 3869 1269 3905 aux
1279 3854 1331 3904 eta-

277 3939 450 3996 blisteuseuta
463 3941 693 4015 arenamque-ea
711 3960 792 3996 cause
811 3941 860 3995 des
879 3956 1032 3995 ressouroes
1052 3937 1133 4013 qu‘ils
1152 3938 1333 4010 ytrouvaieut

278 4041 338 4085 tant
355 4048 427 4104 pour
441 4031 500 4086 leur
515 4029 673 4103 chauliage,
687 4050 742 4105 que
755 4048 826 4105 pour
839 4030 863 4083 la
880 4028 1040 4084 nourriture
1057 4027 1091 4082 de
1104 4027 1178 4081 leurs
1192 4028 1334 4083 immanes

278 4129 430 4192 troupeaux
444 4119 478 4173 de
492 4137 581 4192 porca.
