2768 5094
134 438 222 515 rava]
386 437 500 498 traua
523 438 717 512 oestrus.
1023 444 1083 505 ata

132 557 228 630 abilis
240 558 628 656 dnsclmusrnultiplici
646 559 848 631 litterarum
856 560 1085 658 seleutiaplc·

132 675 286 747 imbutus
298 677 482 761 successit,
495 690 531 746 et
544 675 734 774 prefatum
747 673 958 748 coenobium
969 675 1085 748 doctis

132 793 209 864 rotis
226 789 399 863 fratribus
416 790 574 864 donante
590 791 666 866 Deo
678 789 906 865 laudabiliter
918 791 1082 891 replevit.

132 911 156 982 le
173 925 280 982 aucto
295 934 482 981 servorum
500 910 564 982 Dei
583 934 735 981 numero
751 909 854 1007 copia
871 935 993 983 rerum
1010 934 1084 982 uon

140 1026 224 1111 ,scal
242 1025 513 1099 confluentibus
530 1027 653 1099 amieis
670 1024 856 1101 nobilibus
871 1053 911 1098 ae
928 1053 1085 1101 successa·

132 1142 274 1216 atribus
298 1146 489 1216 necessaria
514 1143 657 1217 ubertas
679 1144 881 1219 honorilice
902 1148 1083 1244 provenit.

132 1260 291 1334 rusilium
318 1260 560 1360 probatissimi
592 1261 771 1362 Sopbistae
798 1263 918 1337 clerici
946 1281 981 1339 et
1009 1264 1086 1338 la't'ci

132 1379 304 1464 aveliant,
327 1398 364 1455 et
385 1381 501 1453 dulcia
524 1382 683 1454 veritatis
706 1380 838 1481 rerba,
857 1410 941 1483 quae
963 1383 1008 1457 de
1025 1410 1089 1457 ore

132 1496 293 1583 luebant,
314 1496 516 1572 fautoribus
532 1499 683 1597 justitiae
699 1501 798 1600 quasi
824 1525 1007 1573 sermones
1023 1527 1089 1572 an-

132 1616 177 1688 lei
207 1616 409 1715 placebant.
442 1617 509 1688 llic
536 1618 684 1690 natione
711 1616 819 1690 ltalus
847 1615 1089 1691 lanfrancum

132 1758 161 1803 rs
179 1734 330 1803 Beccum
354 1733 522 1830 expetiit,
545 1747 581 1804 et
604 1734 716 1805 instar
738 1732 977 1805 omeliarum
1000 1759 1091 1806 auro

132 1851 227 1949 isqve
252 1852 507 1949 J’r'gyptiorum
535 1880 543 1919 ε
571 1848 604 1920 id
629 1865 683 1921 cst
706 1848 867 1925 seeculari
884 1849 1090 1923 eruditione

132 1964 320 2063 sophorum
340 1979 510 2048 onustus,
533 1981 666 2036 terram
687 1964 975 2063 repromissionis
996 1964 1090 2036 desi-

135 2096 189 2153 ter
207 2080 307 2153 adiit.
326 2080 523 2154 Monachus
534 2097 653 2153 autem
666 2079 799 2165 sactus,
816 2080 971 2153 coelestis
984 2079 1090 2155 theo-

132 2198 320 2270 mnimodis
339 2197 502 2281 iubaesit,
519 2215 554 2271 et
571 2197 615 2270 de
631 2193 817 2270 uberrimo
834 2194 937 2270 laute
952 2176 1089 2297 sopbiae

133 2312 191 2387 lua
209 2314 386 2386 dextrinae
403 2314 537 2387 llucuta
557 2315 700 2413 copiose
717 2311 894 2411 proludit.
914 2313 1090 2387 Obscurus

141 2430 340 2529 Scriptnrre
353 2431 547 2505 sententias
559 2430 711 2505 solerter
727 2430 926 2531 indagavit,
944 2446 1090 2506 strenue

132 2578 140 2618 s
159 2566 221 2619 aut
239 2549 380 2646 scriptis
399 2547 626 2633 dilucidavit,
651 2564 687 2621 et
709 2547 876 2647 perplexa
895 2548 1090 2647 propbeta-

132 2664 210 2735 lieta
225 2662 417 2735 salubriter
430 2661 612 2736 enodavit.
629 2663 757 2735 Omnia
773 2661 880 2735 verba
896 2668 970 2761 ejus
989 2664 1089 2736 utilia

132 2834 142 2865 ,
158 2797 191 2853 rt
209 2778 395 2853 lurrivulus
411 2781 592 2857 auditurus
605 2778 843 2855 edificabant.
863 2780 1004 2854 Dociles
1017 2781 1091 2854 dis-

145 2898 327 2996 epistolas‚
344 2899 556 2998 typicosque
568 2923 750 2970 sermones
764 2901 837 2995 ejus
850 2899 987 2997 scripto
1000 2901 1092 2973 reti·

132 3034 228 3100 runt;
249 3015 381 3117 quibus
395 3018 529 3087 all'atim
543 3014 696 3088 debriati
712 3042 788 3087 uon
800 3015 917 3088 solum
930 3013 997 3087 sibi
1006 3070 1017 3103 ,
1030 3015 1090 3090 aed

132 3136 283 3206 smaltis
299 3162 373 3207 raon
388 3132 618 3207 mediocriter
633 3132 879 3233 profecerunt.
896 3133 973 3207 lloc
986 3132 1090 3207 Guil-

134 3267 196 3321 set
212 3256 301 3323 ltnso
312 3280 529 3324 successores
540 3256 615 3349 ejus
628 3251 877 3351 multipliciter
888 3269 1088 3339 senserunt,

134 3371 185 3440 uti
196 3370 355 3443 doctoris
365 3386 588 3469 syntagmata
605 3369 792 3466 insigniter
802 3366 869 3440 sibi
882 3369 1088 3456 hauserunt,

135 3487 278 3559 entibus·
299 3489 382 3561 inde
400 3485 672 3560 desiderabilem
692 3500 820 3585 potum
840 3484 986 3585 largiter
1005 3514 1092 3587 pto-

132 3623 251 3676 ernut.
273 3604 462 3677 dnselnaus
484 3600 635 3676 affabilis
658 3619 694 3677 et
715 3618 920 3677 mansuetus
936 3620 1036 3695 erat,
1054 3622 1092 3677 et

133 3722 161 3791 is
177 3722 389 3820 simpliciter
408 3719 715 3819 interrogantibus
733 3720 917 3793 caritative
936 3747 1092 3821 respou-

132 3894 140 3908 .
177 3837 447 3938 inquirentibus
477 3839 600 3910 amicis
626 3840 684 3937 pic
710 3836 824 3910 libros
850 3835 961 3911 edidit
987 3840 1090 3913 mirae

134 3959 228 4028 itatis
247 3984 287 4029 ae
305 3956 562 4055 profunditatis
578 3954 623 4029 de
635 3956 840 4047 Trinitatc,
857 3956 901 4030 dc
920 3958 1087 4043 veritate,

132 4101 199 4143 ero
216 4071 390 4159 arbitrio,
405 4072 449 4143 dr
467 4098 547 4143 casu
560 4068 716 4159 diaboti,
735 4048 772 4145 ei
786 4100 851 4144 eur
867 4073 962 4145 Deus
980 4073 1091 4147 lrovno

132 4210 216 4261 »est
249 4195 350 4262 l'arna
373 4194 555 4289 sauurtttia·
576 4188 681 4288 bttjtu
703 4191 868 4263 didascali
893 4218 956 4291 per
977 4206 1089 4267 totam
