2768 5094
140 373 279 450 asora]
443 370 558 434 tmen
579 370 761 449 ooturus.
1077 374 1137 437 sss

140 497 298 593 igionem
308 492 504 583 intrabunt,
518 493 645 565 decore
655 492 860 590 divitiisque
870 491 1091 592 spoliabunt,
1103 512 1137 564 et

140 626 314 711 ontempto
320 612 489 712 principe
496 611 621 699 stulto,
635 627 742 682 totam
752 608 1020 681 Normannium
1029 613 1139 710 impie

140 727 393 803 onculcabunt.
413 729 515 828 Ipse,
530 728 760 801 uelutoacca
772 726 978 815 lasciviens,
996 726 1140 799 libidini

140 848 344 947 igritiaeque
352 847 489 932 serviet,
500 861 534 917 et
545 843 1139 946 ipseprimusecclesiasticasopes

140 964 282 1065 impiet,
301 964 510 1065 spurcisque
527 961 732 1049 lenonibus,
751 960 908 1060 aliisque
924 961 1140 1035 lecatoribus

140 1078 318 1151 'istribuet
342 1077 494 1151 Talibus
511 1080 755 1180 principatum
777 1105 882 1150 suum
900 1081 1084 1179 pom'get,
1109 1099 1142 1152 et

140 1194 164 1267 b
187 1195 246 1267 bis
263 1194 457 1267 consilium
478 1198 517 1266 in
538 1192 812 1268 necessitatibus
833 1197 910 1267 sues
931 1198 1066 1296 eriget.
1095 1198 1142 1268 In

140 1311 257 1387 &catu
269 1310 445 1387 liodberti
453 1317 637 1385 catamitoe
651 1312 668 1409 (
674 1312 706 1410 t)
718 1329 752 1382 et
764 1313 966 1411 efflmirtati
975 1312 1144 1386 domina·

140 1446 262 1518 untur,
278 1428 344 1500 sub
354 1456 506 1527 quorum
518 1428 767 1501 dominatione
779 1432 940 1527 nequitia
952 1445 986 1499 et
996 1431 1143 1502 miseria

140 1544 394 1617 rassobuntur.
412 1544 523 1616 Urbes
534 1562 568 1616 et
585 1544 684 1616 uilla
700 1543 965 1633 cremabuntur,
983 1542 1145 1617 basiliere

140 1661 707 1735 meatorumtemereviolnbuntur.
719 1659 1146 1760 Coetusfideliurnutrius·

142 1804 190 1849 ue
211 1804 321 1850 secus
342 1777 603 1879 dispergentur,
629 1776 883 1877 bominumque
898 1776 1012 1849 mttIta
1029 1777 1147 1851 millia

140 1895 217 1967 erro
233 1892 461 1993 veiflarnma
476 1898 716 1995 perimentia,-
734 1919 782 1964 ec
800 1892 931 1992 quibus
951 1893 1058 1964 multi
1072 1898 1149 1966 sine

140 2016 335 2087 oerir‘tentt'a
354 2029 389 2084 et
403 2014 540 2087 viatico
561 2011 740 2100 labentur,
760 2027 794 2082 et
805 2037 877 2113 pro
896 2010 1056 2083 reatibus
1072 2013 1148 2084 suis

140 2134 176 2205 ut
191 2146 330 2203 tartaro
347 2156 445 2202 sceva
461 2129 658 2202 tralteutur.
678 2128 876 2201 liventibus
892 2126 948 2197 liis
967 2126 1150 2200 Norman·

140 2252 186 2321 tia
211 2247 439 2349 subjacebit;
465 2264 499 2319 et
526 2249 621 2319 sicut
645 2246 730 2317 olim
740 2303 753 2335 ,
784 2247 991 2317 vicinarum
1017 2250 1151 2318 uictrix

140 2366 299 2453 entium,
318 2363 551 2436 immoderate
567 2366 715 2451 tumuit,
737 2366 793 2435 sic
812 2362 879 2435 sub
898 2361 993 2435 duce
1013 2362 1151 2437 lubrioo

140 2482 274 2581 tsegni
285 2478 521 2582 despicabilis
529 2481 609 2568 erit,
621 2496 656 2551 et
665 2478 745 2550 telis
754 2480 955 2551 uicinorum
967 2479 1152 2553 miserabi-

140 2599 206 2669 iter
221 2594 358 2695 diuque
368 2594 523 2697 patebit.
541 2596 725 2697 Inst'picns
741 2594 823 2666 dua
845 2597 989 2669 nomine
1011 2612 1151 2669 tontum

140 2717 298 2815 tn‘rrcipis
323 2711 658 2813 cognominabitur;
681 2713 749 2784 sed
769 2712 989 2785 nebulonum
1012 2717 1069 2785 vis
1094 2717 1147 2801 ei,

140 2831 332 2929 lediteeque
338 2832 536 2932 provincia
551 2829 605 2900 od
620 2829 812 2901 multorum
826 2833 1022 2929 pemieiem
1038 2830 1150 2903 donei-

140 2948 282 3021 tnbitur.
301 2978 319 3013 u
339 2950 442 3019 l'isio
464 2945 678 3045 hujusmodi
692 2972 810 3047 nuper
825 2945 916 3017 mibi
929 2946 1150 3047 supplicanti

140 3068 277 3153 pontit,
295 3066 485 3164 ipsamque
498 3062 589 3133 mibi
603 3061 802 3163 spiritualis
820 3060 933 3133 iudea
940 3119 953 3151 ,
973 3078 1012 3134 ut
1032 3089 1149 3163 eapo-

140 3209 192 3252 um
207 3198 278 3270 est,
296 3183 451 3281 operuit.
471 3181 729 3251 Verumtamen
747 3178 831 3251 dira
839 3235 850 3266 ,
870 3206 953 3277 qua·
964 3182 1150 3251 imminent

140 3301 332 3386 tarentinis,
357 3327 378 3369 o
402 3296 615 3371 uenerabilis
640 3297 744 3386 ltero,
774 3324 846 3369 nou
872 3296 1024 3369 uidebis.
1047 3298 1147 3371 Ib'om

140 3436 166 3491 st
188 3418 321 3489 bonam
347 3416 603 3509 confessionem
629 3415 666 3484 in
688 3439 785 3514 poce
810 3414 989 3513 quiesces,
1014 3430 1050 3485 et
1073 3440 1145 3485 non

140 3538 209 3605 uiti
226 3558 398 3605 oceasum
407 3587 419 3619 ‚
438 3557 504 3603 nec
520 3530 635 3632 prolis
658 3532 911 3623 iojbrtuniuru,
936 3556 1002 3603 nec
1023 3531 1149 3603 dilecti

140 3653 232 3752 pitis
249 3648 506 3719 desolationem
524 3650 734 3748 conspicies.

140 3768 196 3838 llis
210 3768 329 3863 itaque
340 3763 385 3835 sb
398 3764 610 3837 snachotcta
624 3763 742 3849 dietis,
759 3764 876 3835 nuntii
894 3764 1023 3837 reversi
1039 3782 1123 3837 sunt
1132 3819 1144 3855 ,

140 4080 146 4111 ι
181 4062 218 4111 t'e·
230 4070 285 4110 uun
301 4056 386 4127 'tussit
402 4058 459 4107 itu·
475 4054 599 4127 cinplnw
614 4056 647 4105 iet
658 4051 760 4106 iliosis·
771 4070 831 4105 sens
844 4071 880 4104 ou
894 4058 1004 4123 mignon
1016 4052 1098 4107 tum
1111 4074 1145 4107 vu

142 4170 192 4203 nee
204 4170 238 4201 ,ιιι
255 4168 281 4199 n
291 4160 307 4197 ι·
321 4147 399 4200 such·

163 4268 201 4312 ιι,
958 4232 1001 4301 25
