2768 5094
142 395 237 469 [cau
258 387 449 468 totototo]
518 389 634 451 tint-:u
655 389 833 454 rrnrrns.
1171 394 1211 456 aa

140 512 303 610 agnovit.
326 510 488 611 Denique
506 510 640 583 relictis
661 511 784 584 mundi
808 512 994 584 lenociniis
1014 512 1058 584 ad
1077 514 1209 614 Majus·

141 627 405 703 Monasterium
419 626 605 727 confugit,
624 626 746 729 ibique
759 627 826 702 sub
841 628 992 703 Alberto
1006 627 1133 704 abbate
1149 632 1207 730 (r)

141 742 340 818 monachus
357 743 469 816 factus
486 744 601 817 Deum
617 744 825 844 suppliciter
842 746 980 845 rogavit
1002 761 1045 818 ut
1065 747 1208 820 insana·

141 859 224 933 bilis
245 860 355 959 leprae
375 859 505 934 morbo
530 862 567 933 in
592 886 745 960 corpore
764 860 978 950 foedaretur,
999 863 1205 963 quatinusa

141 993 372 1077 peccatorum
387 977 552 1052 sordibus
566 979 602 1049 in
616 984 732 1049 anima
746 977 1014 1052 emundaretur.
1028 979 1133 1072 Quod
1148 980 1205 1080 pie

140 1095 350 1194 deprecatus
374 1110 427 1167 cst
451 1091 632 1183 obtinuit,
660 1108 697 1167 et
722 1110 803 1194 post
824 1097 1068 1169 conversionis
1091 1123 1205 1169 annos

139 1209 215 1285 lere
232 1238 293 1285 sex
314 1211 467 1284 feliciter
484 1210 644 1285 decessit.
666 1213 771 1312 Hugo
788 1229 907 1285 sextus
928 1212 1052 1300 frater,
1073 1216 1202 1312 juven·

141 1344 218 1401 tute
239 1327 389 1416 florens,
411 1326 557 1401 sortuna
582 1329 764 1403 invidente
787 1343 908 1429 raptus
925 1346 990 1402 est.
1010 1329 1101 1403 Nam
1117 1330 1204 1402 dum

140 1450 294 1553 quadam
308 1449 366 1524 die
382 1450 426 1524 de
447 1466 562 1526 castro
577 1452 614 1524 S.
635 1452 837 1540 Scolasticae
855 1454 912 1550 (2)
933 1450 1204 1525 cumfratribus

140 1569 211 1640 suis
240 1568 435 1669 multisque
465 1567 676 1641 satellitibus
708 1567 863 1657 rediret,
894 1594 993 1641 secus
1022 1569 1203 1642 ecclesiam

140 1685 176 1756 S.
197 1684 366 1758 Gemani
393 1686 429 1758 in
454 1686 639 1759 territorio
657 1684 825 1759 Escalsoii
845 1687 902 1784 (3)
923 1711 1007 1759 cum
1031 1685 1204 1759 consoda-

140 1799 235 1872 libus
262 1801 334 1873 suis
357 1828 429 1875 sese
456 1801 651 1875 lanceando
677 1802 889 1875 exercuisset
903 1831 913 1890 3
942 1829 1024 1875 eum
1049 1803 1204 1903 armiger

140 1921 213 2015 ejus
235 1917 324 1990 dum
342 1919 482 1992 incaute
506 1919 636 1992 missile
656 1922 812 2018 jaceret,
836 1921 995 2020 graviter
1015 1920 1200 2019 percussit.

140 2034 210 2128 Qui
229 2060 327 2124 mox,
350 2050 392 2108 ut
408 2053 484 2109 erat
501 2051 721 2122 mansuetus,
742 2036 906 2110 eumdem
924 2039 1141 2135 armigerum
1159 2035 1203 2108 ad

140 2180 174 2226 se
197 2152 359 2239 vomita,
382 2154 491 2255 'eique
514 2153 604 2225 clam
627 2151 720 2225 dixit
743 2183 752 2223 z
780 2154 822 2224 V
818 2152 964 2225 eloeiter
973 2154 1093 2251 juge,
1114 2153 1203 2251 qru'a

140 2274 298 2369 graviter
324 2271 523 2343 atelnemati
539 2298 608 2344 me.
633 2273 853 2344 Misereotur
875 2261 1072 2342 tur'Deus!
1098 2271 1203 2368 Fuge

140 2405 334 2487 antequam
344 2389 489 2485 fratres
512 2390 584 2460 mci
606 2387 675 2460 ltoc
697 2386 1005 2473 animadvertant,
1028 2404 1062 2459 et
1086 2405 1119 2458 te
1129 2412 1202 2487 pm

140 2505 207 2578 too
223 2523 347 2577 eventu
366 2506 595 2607 interficiant.
620 2503 761 2578 Nobilis
783 2507 900 2607 itaque
918 2506 1062 2603 juvenis
1084 2531 1128 2579 eo
1143 2505 1201 2579 die

140 2616 323 2693 occubuit.
342 2620 496 2693 Geroins
510 2622 635 2720 junior
651 2620 822 2696 omnibus
838 2621 925 2692 dum
945 2618 1060 2692 adhuc
1082 2624 1201 2720 primo

140 2736 228 2810 llore
239 2738 440 2837 juventutis
457 2752 639 2824 vernaret,
659 2736 816 2836 praedam
836 2738 873 2809 in
892 2752 984 2808 terra
999 2737 1202 2811 lexovien-

140 2856 182 2926 sis
200 2855 358 2927 ecclesio
379 2855 521 2954 rapuit,
546 2873 581 2927 et
601 2854 682 2927 inde
705 2853 1001 2927 Mouasteriolum
1023 2880 1201 2953 regressus

140 2990 171 3045 rt
186 2975 224 3046 in
241 2975 433 3045 amentiam
447 2999 567 3044 tersus
583 2972 734 3044 interiit.
753 2972 811 3043 Sic
828 2971 909 3041 licet
924 2970 1072 3043 diversis
1085 2969 1200 3044 modis

140 3119 208 3163 una
225 3118 324 3164 mors
341 3118 465 3164 omnes
483 3090 605 3165 Geroii
623 3091 715 3164 lilios
730 3091 870 3190 rapuit,
888 3116 952 3162 nec
968 3089 1080 3161 ullum
1095 3117 1136 3163 ex
1152 3091 1200 3160 eis

140 3208 336 3280 tricenium
355 3235 466 3308 usque
483 3211 671 3307 pervenite
686 3208 860 3308 permisit.

187 3326 427 3423 Primogenita
445 3353 590 3425 qnoque
608 3326 762 3397 liliarum
781 3323 1033 3422 llercmlturgis
1052 3325 1130 3394 data
1149 3341 1199 3395 est

141 3441 346 3515 wascelino
363 3441 406 3515 de
424 3444 537 3515 Ponte
557 3438 792 3513 Erelrrnfrrdi
806 3441 863 3535 (4)
874 3469 884 3526 ;
905 3468 947 3512 ex
965 3467 1034 3539 qua
1052 3439 1199 3511 wittel-

173 3733 210 3785 ,ιῖ
227 3724 339 3784 atteri.
356 3724 425 3777 atla·
437 3722 472 3777 de
487 3722 667 3776 ,llartnoutier
676 3718 775 3791 depuis
791 3715 854 3788 1037
867 3717 994 3791 jutqu'en
1008 3715 1082 3783 solit.

183 3836 197 3865 ἰ
222 3812 460 3867 Satutcscnlm.

171 3902 205 3973 'i'
223 3904 454 3957 Sentit-tirrmain
467 3901 663 3962 ‹lli-luuntur,
679 3899 750 3952 altars
763 3897 860 3970 sintple
872 3897 1004 3969 cintello.

172 4000 197 4055 si
240 3992 428 4060 Aajttunt'tmt
455 3992 605 4049 liettaatw.
635 3990 750 4044 iaanenu
775 3987 809 4041 dr
835 3985 1200 4043 ,turre-ttanu··‹ttr·ttamet.

141 4103 244 4137 «omme
266 4103 335 4138 unus
357 4102 459 4136 venons
479 4083 513 4135 tle
533 4082 557 4134 t·-
578 4084 647 4134 drrr.
674 4084 721 4133 (ln
743 4082 797 4131 soit
815 4098 913 4134 ctu-ore
927 4079 1145 4149 l'rmplaccmrnt
1163 4076 1213 4129 ‹lu'

140 4174 251 4225 «teitau
268 4192 316 4225 sur
329 4173 353 4224 la
369 4174 425 4225 tire
434 4171 525 4225 «licite
537 4171 572 4223 ‹le
583 4171 606 4224 la
620 4170 825 4223 Charentonne.
