2768 5094
289 361 349 423 ³04
561 358 749 421 msronn
768 358 1076 421 nocturnum.
1151 342 1378 442 [ωσι-ηπ,ι

338 484 435 555 Dum
455 505 518 553 rex
541 477 754 554 Guillelmus
779 481 817 552 in
839 479 1005 553 Neustria
1025 480 1266 567 consisteret,
1288 496 1340 554 tu
1372 512 1378 523 ·

288 625 439 699 ramque
455 624 556 671 suam
572 623 656 670 cum
668 597 732 670 Dei
750 596 885 669 auxilio
902 611 1029 670 contra
1047 620 1179 670 omnes
1195 595 1343 671 adam
1380 623 1382 629 ’

290 720 366 793 rios
385 732 537 805 tutaret,
555 714 723 816 praesules
743 715 948 815 Anglorum
969 713 1198 788 lanfrancus
1213 715 1346 789 Cantu-

292 834 418 909 riensis
442 851 479 908 et
499 831 658 907 Thomas
678 831 914 907 Eboracensis
934 847 1042 934 atque
1067 834 1257 934 Remigius
1282 836 1347 908 liu

292 950 457 1025 coliensis
487 952 640 1023 Romam
668 947 856 1037 abierunt,
889 965 927 1023 et
960 977 979 1021 a
1014 948 1153 1025 domno
1185 951 1349 1053 Gregorio

292 1095 401 1169 papa,
425 1083 621 1167 senatuque
638 1069 803 1142 llomano
824 1064 1195 1142 honorificentissime
1213 1072 1349 1169 suscepti

292 1202 377 1259 sunt
393 1185 462 1284 (1).
481 1185 534 1258 De
544 1184 679 1256 divitiis
693 1183 855 1284 Anglicis
869 1185 963 1285 larga
975 1211 1127 1259 munera
1140 1184 1284 1287 cupidis
1296 1188 1351 1262 Ro

293 1304 407 1376 manis
421 1300 579 1376 ubertim
592 1301 789 1394 dederuut,
802 1328 936 1402 suaque
950 1301 1000 1375 sic
1013 1302 1194 1403 largitate,
1216 1329 1299 1379 cum
1312 1303 1352 1377 la·
1379 1382 1382 1391 ,

294 1418 445 1508 cundia,
464 1419 678 1517 geminaque
690 1414 837 1491 scientia
852 1418 1036 1492 mirabiles
1048 1420 1161 1492 Latiis
1177 1420 1248 1493 visi
1268 1438 1351 1503 sunt.

295 1534 506 1636 legationes
526 1533 712 1608 Guillelmi
737 1535 851 1635 regis,
873 1561 960 1636 quas
980 1535 1158 1611 antistites
1177 1534 1352 1635 jamdicti

295 1679 379 1726 cum
394 1650 607 1725 muneribus
624 1650 852 1738 detulerunt,
870 1678 960 1751 papa
976 1651 1165 1752 clerusque
1182 1655 1354 1729 llo-am

294 1768 557 1871 gratantissime
579 1782 817 1867 suceperunt,
841 1783 879 1841 et
901 1767 1085 1868 privilegia
1106 1795 1193 1869 quae
1221 1796 1286 1870 per
1303 1794 1353 1845 cos

295 1889 469 1988 petierat,
495 1884 778 1959 antecessoribus
795 1887 867 1957 suis
893 1886 982 1960 olim
1004 1911 1190 1976 concessa,
1211 1884 1353 1961 libenter

295 2019 515 2078 annuerunt.

345 2120 1153 2209 AunoabinmrnationeDominiu·ux⁰vrr·,
1166 2121 1352 2195 indictione

297 2252 361 2313 xv·
383 2238 523 2339 praefati
543 2239 731 2339 pontifices
754 2241 920 2315 alacriter
946 2242 1059 2314 lloma
1086 2237 1277 2313 redieruut
1291 2244 1351 2335 (a),

299 2357 337 2429 in
359 2382 518 2457 quorum
536 2356 692 2430 adventu
707 2383 772 2431 rex
789 2371 825 2431 ot
842 2382 968 2430 omnes
986 2356 1164 2457 indigenae
1181 2354 1354 2433 Numan·

298 2476 370 2547 uici
398 2474 586 2576 magnifice
612 2474 722 2548 laetati
744 2492 841 2547 sunt.
870 2476 976 2548 Tunc
998 2473 1155 2546 basilicae
1178 2474 1302 2573 plures
1326 2474 1355 2543 iu

299 2794 394 2848 charte
406 2793 442 2849 de
450 2795 593 2850 fondation
602 2796 712 2864 (Gallia
726 2797 895 2863 Christiana,
905 2800 1033 2852 instrum.
1046 2799 1143 2853 eccles.
1153 2797 1265 2873 Bajoc..
1278 2819 1301 2855 c.
1311 2799 1357 2867 huj

300 2882 323 2936 ll
336 2882 395 2937 faut
407 2882 480 2938 donc
492 2896 588 2957 porter
606 2887 621 2938 a
634 2886 757 2939 soixante
770 2895 800 2939 et
813 2904 868 2940 une
880 2884 920 2940 les
932 2888 1034 2941 anneot
1046 2885 1082 2941 de
1095 2904 1144 2941 sou
1157 2887 1253 2959 sejour
1264 2887 1360 2943 daasle

298 2970 410 3037 cloltre,
426 2983 453 3026 et
467 2971 578 3027 riuluire
591 2976 607 3026 a
622 2983 683 3045 sept
697 2972 779 3028 celles
790 2972 825 3027 de
838 2991 889 3027 son
903 2973 1138 3029 administration.

333 3061 372 3131 (ι)
392 3060 428 3114 Le
443 3078 544 3134 voyage
557 3059 592 3113 do
611 3079 655 3115 ces
669 3062 738 3115 trois
752 3064 880 3133 prc'lata'a
895 3062 983 3117 Rome
1000 3063 1076 3118 n'eut
1095 3064 1175 3136 point
1192 3062 1251 3121 lien
1267 3063 1362 3119 wasa

300 3149 443 3221 pontificat
453 3149 489 3203 de
500 3148 639 3221 Gregoire
649 3149 720 3216 vll,
734 3151 802 3204 mais
816 3169 880 3206 sous
893 3151 964 3208 colui
977 3151 1162 3209 d'nleundoe
1174 3154 1217 3219 11.
1231 3172 1268 3209 eu
1288 3172 1363 3230 ιοςιι

300 3257 331 3292 ce
348 3256 434 3312 pape,
446 3238 495 3313 qui
513 3240 584 3292 avait
598 3241 643 3293 cte
656 3238 682 3293 lc
696 3239 812 3313 disciple
828 3241 863 3295 dc
876 3243 1011 3298 lanfranc
1028 3262 1063 3297 au
1077 3243 1143 3309 Bes,
1166 3260 1195 3299 se
1212 3243 1301 3301 lena
1319 3261 1364 3298 sou

300 3328 454 3402 approche,
469 3347 504 3383 en
517 3329 609 3384 disant
624 3348 679 3403 que
690 3331 783 3386 c'etait
798 3349 870 3404 pour
882 3332 950 3387 faire
961 3333 1100 3401 honneur,
1116 3350 1172 3388 noa
1191 3333 1364 3391 hl‘arthere·

300 3438 355 3493 que
367 3419 402 3473 de
416 3419 599 3493 Canterhury,
615 3422 684 3474 mais
695 3423 712 3475 al
725 3438 774 3475 son
787 3422 885 3476 ancien
900 3422 998 3478 maltro
1007 3422 1046 3477 du
1058 3422 1120 3477 Bec.
1134 3422 1186 3478 laes
1195 3422 1366 3479 denum

300 3509 403 3582 prauis
414 3510 508 3565 iurent
520 3510 663 3584 beaucoup
675 3513 765 3567 moins
776 3512 842 3567 bien
854 3530 948 3585 recca,
959 3523 988 3567 et
997 3516 1122 3569 eareat&
1134 3532 1165 3569 se
1176 3512 1328 3581 delenda,
1343 3515 1367 3569 le

301 3602 423 3672 premier
435 3600 470 3655 de
487 3619 519 3656 ce
535 3601 602 3675 qn’il
620 3603 687 3656 otait
700 3601 742 3655 sila
758 3601 794 3656 de
807 3603 916 3675 pretre,
932 3602 957 3657 le
973 3603 1074 3657 second
1086 3601 1122 3658 de
1135 3622 1168 3659 oe
1185 3603 1257 3679 qu’il
1273 3605 1368 3660 u’avait

302 3692 406 3745 obtenu
421 3692 540 3747 roocho
549 3692 585 3746 do
599 3692 713 3747 lincoln
723 3693 807 3765 qu'en
821 3696 999 3766 recompenso
1010 3693 1049 3748 dn
1059 3692 1172 3749 uotahle
1181 3693 1368 3770 aeooursqu'il

302 3780 372 3832 avait
387 3780 464 3851 pri-te
478 3783 493 3832 a
505 3778 666 3835 Guillaumo
683 3798 755 3852 pour
774 3779 798 3833 la
812 3782 949 3856 conquete
962 3780 1156 3856 d'Angleterre
1170 3787 1225 3849 (un
1238 3783 1368 3839 mrireet

303 3867 380 3933 vingt
393 3866 564 3937 chevaliers).

338 3956 375 4021 (a)
395 3955 418 4007 ll
434 3975 450 4025 y
465 3957 535 4008 avait
550 3960 565 4009 a
578 3966 650 4009 cette
663 3960 771 4028 upopm
781 3959 819 4012 sis
829 3976 877 4013 ans
890 3977 944 4031 quc
957 3958 996 4013 les
1013 3960 1081 4012 trois
1095 3958 1197 4032 prelata
1206 3960 1312 4015 etaim
1325 3974 1369 4015 r·-

303 4062 387 4097 ruuus
400 4042 434 4096 ‹lr
448 4043 536 4099 lloiuc
550 4065 584 4097 en
600 4044 772 4117 Anglrtrrru.
