2768 5094
302 341 360 401 398
575 335 756 396 HISTORIA
778 336 1080 400 tecttsttstlca.

301 482 389 556 papa
406 456 519 526 factus
530 468 592 527 est.
607 455 723 526 Hicin
737 454 877 542 itinere,
893 455 979 528 dum
992 458 1146 531 Romam
1158 475 1339 558 expeteret,

301 573 445 673 angelos
459 587 623 644 mnentcs
640 571 774 643 audivit
788 603 796 642 :
811 574 913 645 Dicit
926 574 1126 648 Dominus:
1141 578 1230 677 Ego
1242 585 1341 681 cogito

301 692 535 787 cogitationes
549 693 659 788 pacis
675 703 710 758 et
732 715 805 760 non
823 687 1049 791 afflictionis,
1076 706 1146 764 etc.
1166 692 1343 769 Praedictu

300 833 389 906 papa
407 805 530 877 multis
547 803 652 876 bonis
669 803 828 892 studuit,
852 802 944 878 bene
966 805 1103 906 agendo
1119 822 1158 881 et
1180 805 1273 884 bene
1289 811 1344 885 do·

302 922 415 996 cendo
433 921 582 992 subditis
600 920 788 1020 insigniter
803 919 952 1018 profuit.
972 924 1012 994 ln
1026 921 1158 995 Gallias
1175 951 1273 1000 anno
1288 928 1344 1002 Do

301 1042 444 1112 minicae
458 1038 711 1110 incarnationis
724 1051 764 1109 n·
778 1051 838 1108 η’
849 1051 899 1109 1x⁰
910 1038 1027 1126 venit,
1040 1038 1227 1113 ecclesiam
1240 1042 1273 1113 S.
1287 1045 1345 1117 Re·

300 1159 398 1256 migii
417 1159 613 1229 Remorum
628 1152 883 1252 archiepiscopi
900 1153 969 1227 tal.
989 1154 1149 1228 octobris
1165 1156 1344 1244 dedicarit,

299 1289 337 1345 et
354 1297 483 1370 corpus
506 1273 592 1369 ejus,
613 1269 785 1340 instinctu
801 1270 964 1340 Hermari
981 1267 1139 1357 abbatis,
1159 1271 1200 1344 in
1222 1272 1344 1360 locum,

300 1385 363 1459 ubi
396 1411 495 1456 nunc
526 1399 728 1470 ueneratur,
763 1383 917 1481 gloriose
948 1385 1132 1457 transtulit
1163 1385 1234 1482 (r).
1258 1388 1346 1459 Tunc

301 1503 434 1576 ibidem
464 1501 626 1602 generale
651 1498 846 1572 concilium
868 1501 1003 1587 tenuit,
1026 1514 1064 1573 et
1096 1501 1195 1575 inter
1226 1502 1346 1602 reliqna

300 1620 456 1695 ecclesiae
487 1616 672 1691 commoda
702 1642 783 1716 quae
814 1617 990 1704 instituit,
1014 1614 1238 1717 presbyterio
1263 1647 1346 1691 arma

299 1738 395 1811 serre
417 1751 453 1808 et
475 1739 641 1834 conjuges
665 1732 793 1806 habere
813 1731 1002 1832 prohibuit
1020 1736 1090 1832 (a)
1111 1734 1253 1810 Exinde
1269 1762 1346 1810 con·

298 1851 448 1926 suetudo
481 1851 618 1925 lethalis
655 1851 827 1948 paulatim
864 1851 1047 1924 exinanire
1084 1853 1215 1952 coepit.
1250 1853 1345 1926 Arma

297 1972 444 2072 quidem
463 1969 556 2042 term
571 1967 770 2068 presbyteri
792 1971 868 2065 jam
882 1984 1064 2067 gratanter
1078 1966 1237 2058 desiere,
1261 1971 1317 2044 sed
1331 1999 1345 2042 a

299 2087 485 2188 pellicibus
503 2087 617 2159 adhuc
639 2087 772 2160 nolunt
793 2083 990 2174 abstinere,
1011 2112 1078 2159 nec
1098 2086 1282 2186 pudicitia·
1300 2091 1348 2160 in-

299 2207 446 2280 haerere.

350 2321 604 2421 [roffi-1089]
626 2320 737 2419 Supra
754 2319 869 2391 dictus
885 2320 996 2393 Fulco
1014 2319 1187 2408 decanus,
1207 2322 1345 2396 diutina

299 2436 873 2538 corruptionissaniefoedatus,ad
884 2438 1029 2513 meliora
1040 2455 1199 2513 mentem
1210 2441 1345 2526 extulit3

293 2554 1348 2656 jamquesilicernius,consiliomonituqueFalconisfiiiisui.

298 2674 443 2746 Uticum
458 2670 639 2769 confugit,
656 2684 693 2742 et
709 2670 983 2758 monachatum,
1003 2697 1080 2744 non
1096 2688 1170 2744 tam
1186 2673 1348 2746 saeculum

297 2789 478 2876 deserens,
498 2812 605 2887 quam
623 2814 642 2857 a
660 2786 791 2860 saecuio
807 2785 997 2861 derelictus
1004 2842 1017 2879 ,
1037 2790 1253 2887 impetravit.
1275 2791 1348 2875 iiic,

297 2906 384 2977 dum
400 2901 596 2975 monachus
618 2901 819 2989 summost,
840 2903 1019 2977 ecclesiam
1041 2902 1084 2977 de
1101 2904 1349 2979 Guarieinvilia

294 3039 331 3096 ct
346 3039 475 3096 terram
489 3020 621 3092 adeam
634 3022 873 3119 pertinentem
883 3022 920 3092 S.
934 3020 1090 3095 Ebrulfo
1102 3021 1213 3110 dedit,
1228 3022 1349 3094 aliam-

295 3167 364 3241 que
379 3156 511 3212 terram
526 3137 691 3209 similiter
705 3136 821 3223 dedit,
838 3164 946 3237 quam
964 3139 1001 3209 in
1014 3137 1135 3212 eadem
1147 3136 1232 3210 uilia
1249 3141 1348 3239 Hugo

295 3256 493 3354 Bajocensis
517 3255 701 3353 episcopus
724 3255 781 3350 (3)
804 3255 837 3326 ei
866 3252 1027 3342 dederat,
1051 3279 1232 3354 quamque
1258 3252 1346 3327 idem

328 3574 367 3639 (t)
387 3570 480 3641 Yoyez
493 3568 643 3632 ci-dcssus,
658 3568 676 3621 Ι.
693 3588 713 3631 ι,
730 3589 756 3641 ρ.
777 3566 839 3633 ι83,
855 3579 883 3623 et
896 3568 914 3623 Ι,
930 3587 963 3635 u,
980 3589 1007 3642 p.
1024 3568 1083 3636 458.

326 3659 365 3727 (a)
383 3657 459 3710 Nous
471 3657 581 3710 n'avons
592 3659 690 3710 trouve
702 3655 769 3709 dans
778 3656 817 3710 ies
828 3673 928 3711 canons
941 3657 979 3711 du
990 3656 1096 3712 concile
1107 3655 1143 3712 de
1152 3657 1249 3712 Reinn
1260 3674 1343 3711 aucun

292 3762 379 3799 canon
393 3744 486 3799 relatis
492 3762 528 3798 au
539 3746 659 3817 mariage
672 3743 719 3798 des
728 3744 844 3817 pretreo,
855 3747 922 3799 mais
932 3745 1203 3800 oeuiementoeluiei
1216 3769 1222 3799 ι
1234 3745 1342 3815 Nequit

291 3835 450 3887 clericorum
475 3855 553 3888 ormo
580 3837 709 3888 militaria
735 3844 855 3903 gestaret
878 3846 928 3890 aut
951 3835 1101 3890 mundanae
1127 3838 1232 3890 nu'Iitiae
1255 3835 1342 3889 deser·

291 3925 366 3974 viret.

324 4010 360 4081 (5)
378 4013 418 4065 Ce
433 4012 535 4084 pri-iat,
556 4031 589 4066 cn
604 4030 631 4066 sa
644 4010 747 4085 qualite
759 4012 794 4066 de
814 4014 855 4067 sris
866 4013 901 4068 dc
915 4013 1016 4079 Raoul,
1034 4024 1124 4067 comte
1140 4013 1239 4075 d’lvri.
1254 4014 1339 4086 pone·

288 4103 345 4157 dait
355 4101 388 4155 dc
403 4113 487 4154 raetos
497 4104 650 4174 proprietde
664 4119 710 4154 sur
724 4102 812 4156 divers
824 4105 915 4175 points
929 4104 967 4157 dn
979 4104 1169 4176 departement
1181 4102 1217 4157 dc
1226 4102 1323 4157 l'Enrc.
