2768 5094
274 347 333 405 308
550 340 732 403 HISTORIA
756 339 1062 402 Ecctsestistlcs.
1243 346 1380 455 [1077]

321 465 482 537 Eventus
494 462 738 562 hujuscemodi
749 478 832 536 ante
843 462 1076 538 Nativitatem
1087 464 1204 537 sancti
1218 416 1380 597 ,ΙοΙιιιΡῖ1

272 584 328 656 η[[
349 583 519 681 Baptistae
543 583 717 713 coquit,
744 595 781 654 et
803 606 888 653 mox
907 579 1034 655 eodem
1055 597 1224 681 tempore
1243 550 1380 715 Hugo:

271 701 502 773 lexoviensis
514 699 748 799 episcopus(r
758 701 773 796 )
788 715 963 799 egrotare
974 701 1101 799 coepit:
1116 700 1246 774 Mense
1254 664 1379 799 juliod

271 816 470 918 languore
462 832 748 918 ingravescente,
774 833 930 890 mortem
948 816 1080 916 praesul
1100 813 1376 891 inevitabilem¹

269 936 337 1008 sibi
355 935 473 1008 adesse
485 936 675 1035 persensit,
692 960 850 1065 seseque,
869 951 910 1007 ut
922 936 986 1008 Dei
1001 962 1123 1009 servus
1137 935 1184 1008 ad
1199 909 1380 1067 Domini}

269 1054 323 1124 sui
342 1053 479 1124 curiam
497 1053 627 1141 iturus,
645 1051 797 1125 solerter
814 1051 1087 1173 circumspexit,
1108 1068 1144 1125 et
1167 1079 1238 1152 pro
1258 1024 1380 1123 rilii

270 1172 412 1244 catione
431 1196 492 1241 sua
509 1170 687 1242 rationcm
707 1168 960 1256 redditurus,
953 1198 988 1242 in
1009 1168 1140 1243 timore
1159 1197 1294 1271 magno
1309 1198 1335 1242 se

269 1289 499 1387 praeparavit.
521 1287 756 1361 Confessione
774 1302 809 1360 et
826 1289 1040 1387 poenitentia
1057 1303 1255 1389 purgatus,
1269 1315 1335 1362 ora
1376 1264 1380 1301 ¹

271 1408 370 1479 tione
395 1421 432 1478 et
463 1406 614 1479 fletuum
643 1403 758 1478 imbre
788 1403 955 1491 ablutus,
986 1405 1150 1477 salutaris
1180 1409 1335 1508 mysterii

270 1524 530 1595 communione
542 1521 698 1595 feliciter
710 1523 921 1607 instructus,
935 1521 1084 1595 clericos
1096 1537 1130 1595 et
1146 1523 1275 1610 laicos,
1285 1525 1336 1623 qui

271 1662 391 1710 secum
425 1654 546 1725 erant,
578 1639 826 1725 commonuit,
858 1636 1034 1724 absolvit,
1061 1636 1264 1711 benedixit.
1291 1639 1336 1711 Aa

270 1755 441 1827 ultimum
458 1780 544 1827 vero
561 1780 639 1827 rem
656 1754 866 1854 quamdam,
883 1754 978 1828 unde
995 1756 1178 1855 praecip'ue
1195 1772 1339 1830 moestus

268 1889 365 1961 erat,
383 1873 557 1960 recoluit,
576 1900 645 1972 pro
662 1901 732 1974 qua
750 1900 875 1945 omnes
891 1871 959 1946 sibi
977 1890 1132 1948 astantes
1148 1876 1200 1948 sic
1214 1902 1334 1949 exora-

268 1991 322 2062 vit
337 2021 345 2061 ε
364 1993 477 2063 Viam
489 1995 664 2065 unr‘versae
676 1993 799 2063 earnis
813 1994 891 2064 scio
904 2018 960 2063 me
973 1992 1027 2063 ad
1033 2020 1198 2094 prasens
1209 1997 1339 2096 ingres·

268 2136 415 2195 sarum,·
432 2110 499 2182 sed
516 2110 627 2182 valde
645 2112 840 2182 contristor
861 2109 963 2208 quod
978 2137 1003 2180 a
1027 2110 1114 2182 sede
1135 2138 1217 2184 mea
1240 2113 1339 2186 elon-

266 2244 378 2326 gatus
394 2255 491 2317 sans,
510 2255 578 2300 nee
597 2227 704 2300 uideo
720 2254 895 2328 sponsam
911 2255 1052 2319 meam,
1072 2231 1136 2303 cai
1149 2231 1340 2304 ordinante

269 2345 351 2415 Deo
363 2340 450 2443 fere
475 2368 521 2414 xc
551 2345 657 2415 annis
686 2343 846 2439 legitime
873 2347 1089 2444 conjunctus
1115 2373 1209 2419 sum.
1238 2349 1261 2420 I
1262 2350 1340 2419 fade

270 2485 369 2530 nunc
388 2485 520 2558 precor
540 2486 607 2530 aas
629 2486 767 2546 earnes,
787 2487 878 2558 quos
904 2461 990 2534 olim
1019 2471 1162 2553 amavi,
1186 2469 1338 2554 nutrr‘su',

264 2575 433 2675 promovi
461 2589 495 2644 et
522 2573 717 2660 honoravi,
753 2591 791 2645 ut
819 2601 874 2645 aie
902 2575 986 2648 irinc
1014 2580 1200 2676 ejiciatis,
1228 2599 1266 2652 et
1293 2581 1344 2651 ad

272 2694 501 2764 carissimam
517 2718 689 2792 sponsam
707 2719 826 2764 meam
844 2719 900 2765 me
913 2695 1118 2768 deducatis.
1132 2697 1341 2771 Ecclesiam

270 2811 392 2882 saneti
408 2813 505 2880 Petri
518 2811 697 2908 principis
719 2810 970 2911 apostoloum,
993 2838 1106 2909 qaam
1123 2815 1342 2887 venerabilis

270 2927 469 3000 Herbertus
482 2928 729 3027 predecessor
743 2956 843 3000 meus
864 2931 917 3026 (2)
942 2934 1071 3030 coepit,
1087 2934 1244 3033 perfeci,
1265 2950 1342 3005 stu·

271 3044 376 3117 diose
398 3045 600 3133 adornavi,
631 3044 823 3144 honorifice
839 3044 1030 3134 dedicavi,
1058 3064 1094 3119 et
1119 3048 1338 3135 erdtom'bus,

271 3165 554 3259 necessariisque
567 3161 691 3232 divino
708 3163 851 3232 servitio
867 3164 991 3249 vasis,
1009 3162 1169 3262 aliisque
1185 3191 1343 3266 appara·

273 3278 367 3349 tibus
385 3282 528 3380 copiose
551 3277 679 3351 ditavi.
708 3278 819 3350 Hanc
844 3278 980 3350 eoelesti
1001 3279 1162 3353 Domino
1186 3283 1344 3385 supplex

273 3394 506 3485 commendo,
536 3412 570 3464 et
592 3397 630 3465 in
652 3396 733 3494 ejus
759 3397 901 3493 gremio
924 3396 1128 3469 recumbere
1154 3398 1340 3484 desidem,

273 3511 396 3611 ibique
409 3512 610 3584 secundum
623 3512 826 3584 saluatoris
840 3512 1033 3584 adventum
1035 3514 1204 3614 fideliter
1212 3542 1342 3617 expeo

1247 3727 1337 3739 -ι

306 3853 345 3920 (ι)
365 3852 478 3922 ilugucs
491 3850 576 3915 ‹t·t2n‚
593 3848 634 3902 fils
649 3847 684 3900 de
697 3846 873 3911 Gnillaunrc‚
889 3859 980 3902 comte
994 3847 1077 3915 d’En,
1093 3862 1120 3905 ct
1134 3851 1170 3906 de
1187 3852 1338 3912 [nostine.

267 3938 425 3995 fundatrice
436 3940 471 3993 de
487 3940 676 3993 Notis-Darne
689 3936 724 3989 dc
734 3938 1069 3994 Saiut-l'ierrc-sur-Dire
1081 3953 1109 3996 et
1121 3942 1157 3998 dc
1169 3944 1340 4001 saint-tuor

271 4027 306 4081 de
321 4030 444 4092 tisicus,
460 4029 564 4100 creasse
577 4027 612 4080 de
624 4037 696 4081 ccttc
709 4026 771 4080 vitto
786 4026 915 4098 (1050-17
923 4027 1016 4099 juittet
1032 4034 1118 4107 1077).

306 4119 343 4186 (Ἰ)
362 4117 496 4175 Herbert,
513 4117 615 4188 orique
625 4114 660 4169 de
676 4117 782 4169 Lisieux
797 4116 806 4183 (
813 4116 984 4184 roae-inin).
