<?xml version="1.0" encoding="UTF-8"?>
<!DOCTYPE html PUBLIC "-//W3C//DTD XHTML 1.0 Transitional//EN"
    "http://www.w3.org/TR/xhtml1/DTD/xhtml1-transitional.dtd">
<html xmlns="http://www.w3.org/1999/xhtml" xml:lang="en" lang="en">
 <head>
  <title>
</title>
<meta http-equiv="Content-Type" content="text/html;charset=utf-8" />
  <meta name='ocr-system' content='tesseract 3.04.00' />
  <meta name='ocr-capabilities' content='ocr_page ocr_carea ocr_par ocr_line ocrx_word'/>
</head>
<body>
  <div class='ocr_page' id='page_1' title='image "./ordericivitalis06deligoog/ordericivitalis06deligoog_0195.png"; bbox 0 0 2768 5094; ppageno 0'>
   <div class='ocr_carea' id='block_1_1' title="bbox 155 393 1219 474">
    <p class='ocr_par' dir='ltr' id='par_1_1' title="bbox 155 393 1219 474">
     <span class='ocr_line' id='line_1_1' title="bbox 155 393 1219 474; baseline 0 -16"><span class='ocrx_word' id='word_1_1' title='bbox 155 401 213 459; x_wconf 75' lang='lat' dir='ltr'><strong>aaa</strong></span> <span class='ocrx_word' id='word_1_2' title='bbox 430 394 614 457; x_wconf 84' lang='lat' dir='ltr'><strong>n1sronn</strong></span> <span class='ocrx_word' id='word_1_3' title='bbox 635 393 941 455; x_wconf 71' lang='lat' dir='ltr'><strong>ecctssslastlca.</strong></span> <span class='ocrx_word' id='word_1_4' title='bbox 1125 399 1219 474; x_wconf 57' lang='lat' dir='ltr'><strong>[roei</strong></span> 
     </span>
    </p>
   </div>
   <div class='ocr_carea' id='block_1_2' title="bbox 120 512 1276 1204">
    <p class='ocr_par' dir='ltr' id='par_1_2' title="bbox 152 512 1276 1084">
     <span class='ocr_line' id='line_1_2' title="bbox 154 512 1220 613; baseline 0.001 -26"><span class='ocrx_word' id='word_1_5' title='bbox 154 515 260 591; x_wconf 76' lang='lat' dir='ltr'><strong>rodus</strong></span> <span class='ocrx_word' id='word_1_6' title='bbox 279 512 530 588; x_wconf 81' lang='lat' dir='ltr'><strong>Eboracorum</strong></span> <span class='ocrx_word' id='word_1_7' title='bbox 550 514 874 612; x_wconf 83' lang='lat' dir='ltr'><strong>metropolitanus,</strong></span> <span class='ocrx_word' id='word_1_8' title='bbox 892 515 955 613; x_wconf 84' lang='lat' dir='ltr'><strong>qui</strong></span> <span class='ocrx_word' id='word_1_9' title='bbox 975 516 1156 589; x_wconf 84' lang='lat' dir='ltr'><strong>maritum</strong></span> <span class='ocrx_word' id='word_1_10' title='bbox 1173 517 1220 588; x_wconf 87' lang='lat' dir='ltr'><strong>in·</strong></span> 
     </span>
     <span class='ocr_line' id='line_1_3' title="bbox 153 620 1276 731; baseline -0.002 -24"><span class='ocrx_word' id='word_1_11' title='bbox 153 648 325 721; x_wconf 86' lang='lat' dir='ltr'><strong>unxerat,</strong></span> <span class='ocrx_word' id='word_1_12' title='bbox 340 620 564 706; x_wconf 85' lang='lat' dir='ltr'><strong>¹Matlrildem</strong></span> <span class='ocrx_word' id='word_1_13' title='bbox 579 629 623 703; x_wconf 91' lang='lat' dir='ltr'><strong>ad</strong></span> <span class='ocrx_word' id='word_1_14' title='bbox 639 630 867 706; x_wconf 73' lang='lat' dir='ltr'>consortium</span> <span class='ocrx_word' id='word_1_15' title='bbox 890 631 977 731; x_wconf 85' lang='lat' dir='ltr'><strong>regii</strong></span> <span class='ocrx_word' id='word_1_16' title='bbox 1002 627 1161 706; x_wconf 71' lang='lat' dir='ltr'><strong>lionoris</strong></span> <span class='ocrx_word' id='word_1_17' title='bbox 1176 633 1221 705; x_wconf 78' lang='lat' dir='ltr'><strong>die</strong></span> <span class='ocrx_word' id='word_1_18' title='bbox 1275 660 1276 669; x_wconf 51' lang='lat'>¹</span> 
     </span>
     <span class='ocr_line' id='line_1_4' title="bbox 152 744 1222 848; baseline -0.002 -24"><span class='ocrx_word' id='word_1_19' title='bbox 152 752 380 824; x_wconf 66' lang='lat' dir='ltr'><strong>Pentecosten</strong></span> <span class='ocrx_word' id='word_1_20' title='bbox 395 773 495 821; x_wconf 90' lang='lat' dir='ltr'><strong>anno</strong></span> <span class='ocrx_word' id='word_1_21' title='bbox 512 764 555 820; x_wconf 86' lang='lat'><strong>11⁰</strong></span> <span class='ocrx_word' id='word_1_22' title='bbox 578 748 680 848; x_wconf 80' lang='lat' dir='ltr'><strong>regni</strong></span> <span class='ocrx_word' id='word_1_23' title='bbox 697 746 839 846; x_wconf 68' lang='lat' dir='ltr'><strong>praefati</strong></span> <span class='ocrx_word' id='word_1_24' title='bbox 857 744 950 846; x_wconf 78' lang='lat' dir='ltr'><strong>regia</strong></span> <span class='ocrx_word' id='word_1_25' title='bbox 970 748 1139 821; x_wconf 84' lang='lat' dir='ltr'><strong>inunxit.</strong></span> <span class='ocrx_word' id='word_1_26' title='bbox 1164 748 1222 822; x_wconf 72' lang='lat' dir='ltr'><strong>De</strong></span> 
     </span>
     <span class='ocr_line' id='line_1_5' title="bbox 155 864 1223 965; baseline -0.002 -24"><span class='ocrx_word' id='word_1_27' title='bbox 155 881 275 941; x_wconf 84' lang='lat' dir='ltr'><strong>corata</strong></span> <span class='ocrx_word' id='word_1_28' title='bbox 301 866 402 965; x_wconf 85' lang='lat' dir='ltr'><strong>regio</strong></span> <span class='ocrx_word' id='word_1_29' title='bbox 428 864 627 940; x_wconf 84' lang='lat' dir='ltr'><strong>diademate</strong></span> <span class='ocrx_word' id='word_1_30' title='bbox 655 881 840 951; x_wconf 87' lang='lat' dir='ltr'><strong>matrona,</strong></span> <span class='ocrx_word' id='word_1_31' title='bbox 869 864 1087 965; x_wconf 67' lang='lat' dir='ltr'><strong>priusquam</strong></span> <span class='ocrx_word' id='word_1_32' title='bbox 1116 892 1223 939; x_wconf 74' lang='lat' dir='ltr'><strong>annu</strong></span> 
     </span>
     <span class='ocr_line' id='line_1_6' title="bbox 153 982 1222 1084; baseline -0.003 -27"><span class='ocrx_word' id='word_1_33' title='bbox 153 983 403 1084; x_wconf 83' lang='lat' dir='ltr'><strong>perficeretur,</strong></span> <span class='ocrx_word' id='word_1_34' title='bbox 434 983 551 1055; x_wconf 88' lang='lat' dir='ltr'><strong>lilium</strong></span> <span class='ocrx_word' id='word_1_35' title='bbox 578 984 727 1057; x_wconf 89' lang='lat' dir='ltr'><strong>nomine</strong></span> <span class='ocrx_word' id='word_1_36' title='bbox 751 982 948 1055; x_wconf 86' lang='lat' dir='ltr'><strong>Henricum</strong></span> <span class='ocrx_word' id='word_1_37' title='bbox 973 983 1034 1082; x_wconf 85' lang='grc' dir='ltr'><strong>(ι)</strong></span> <span class='ocrx_word' id='word_1_38' title='bbox 1065 985 1222 1083; x_wconf 81' lang='lat' dir='ltr'>peperit,</span> 
     </span>
    </p>

    <p class='ocr_par' dir='ltr' id='par_1_3' title="bbox 120 1094 1225 1204">
     <span class='ocr_line' id='line_1_7' title="bbox 120 1094 1225 1204; baseline -0.004 -27"><span class='ocrx_word' id='word_1_39' title='bbox 120 1094 127 1105; x_wconf 49' lang='lat'>⁸</span> <span class='ocrx_word' id='word_1_40' title='bbox 155 1128 265 1204; x_wconf 80' lang='lat' dir='ltr'><strong>quem</strong></span> <span class='ocrx_word' id='word_1_41' title='bbox 290 1103 403 1176; x_wconf 79' lang='lat' dir='ltr'><strong>totius</strong></span> <span class='ocrx_word' id='word_1_42' title='bbox 428 1116 536 1174; x_wconf 79' lang='lat' dir='ltr'><strong>terrae</strong></span> <span class='ocrx_word' id='word_1_43' title='bbox 561 1126 635 1174; x_wconf 82' lang='lat' dir='ltr'><strong>suoe</strong></span> <span class='ocrx_word' id='word_1_44' title='bbox 660 1102 698 1173; x_wconf 89' lang='lat' dir='ltr'><strong>in</strong></span> <span class='ocrx_word' id='word_1_45' title='bbox 723 1098 850 1200; x_wconf 80' lang='lat' dir='ltr'><strong>Anglia</strong></span> <span class='ocrx_word' id='word_1_46' title='bbox 879 1097 1060 1173; x_wconf 76' lang='lat' dir='ltr'><strong>haeredem</strong></span> <span class='ocrx_word' id='word_1_47' title='bbox 1093 1101 1225 1173; x_wconf 70' lang='lat' dir='ltr'><strong>concti-</strong></span> 
     </span>
    </p>
   </div>
   <div class='ocr_carea' id='block_1_3' title="bbox 155 1214 1264 4006">
    <p class='ocr_par' dir='ltr' id='par_1_4' title="bbox 155 1214 1264 1781">
     <span class='ocr_line' id='line_1_8' title="bbox 155 1214 1225 1314; baseline -0.002 -24"><span class='ocrx_word' id='word_1_48' title='bbox 155 1219 240 1291; x_wconf 90' lang='lat' dir='ltr'><strong>tuit.</strong></span> <span class='ocrx_word' id='word_1_49' title='bbox 266 1218 354 1304; x_wconf 86' lang='lat' dir='ltr'><strong>llic,</strong></span> <span class='ocrx_word' id='word_1_50' title='bbox 383 1215 470 1289; x_wconf 91' lang='lat' dir='ltr'><strong>dum</strong></span> <span class='ocrx_word' id='word_1_51' title='bbox 496 1215 630 1292; x_wconf 86' lang='lat' dir='ltr'><strong>dociles</strong></span> <span class='ocrx_word' id='word_1_52' title='bbox 660 1240 775 1289; x_wconf 82' lang='lat' dir='ltr'><strong>annos</strong></span> <span class='ocrx_word' id='word_1_53' title='bbox 802 1215 997 1314; x_wconf 78' lang='lat' dir='ltr'><strong>attigisset,</strong></span> <span class='ocrx_word' id='word_1_54' title='bbox 1026 1214 1225 1288; x_wconf 82' lang='lat' dir='ltr'><strong>litterarum</strong></span> 
     </span>
     <span class='ocr_line' id='line_1_9' title="bbox 155 1328 1226 1431; baseline -0.002 -25"><span class='ocrx_word' id='word_1_55' title='bbox 155 1333 342 1406; x_wconf 71' lang='lat' dir='ltr'><strong>scientiam</strong></span> <span class='ocrx_word' id='word_1_56' title='bbox 363 1330 511 1420; x_wconf 87' lang='lat' dir='ltr'><strong>didicit,</strong></span> <span class='ocrx_word' id='word_1_57' title='bbox 531 1346 567 1404; x_wconf 88' lang='lat' dir='ltr'><strong>et</strong></span> <span class='ocrx_word' id='word_1_58' title='bbox 588 1345 671 1430; x_wconf 76' lang='lat' dir='ltr'><strong>poet</strong></span> <span class='ocrx_word' id='word_1_59' title='bbox 695 1331 882 1431; x_wconf 78' lang='lat' dir='ltr'><strong>utriusque</strong></span> <span class='ocrx_word' id='word_1_60' title='bbox 904 1331 1067 1429; x_wconf 71' lang='lat' dir='ltr'><strong>parentia</strong></span> <span class='ocrx_word' id='word_1_61' title='bbox 1089 1328 1226 1405; x_wconf 81' lang='lat' dir='ltr'><strong>obitum</strong></span> 
     </span>
     <span class='ocr_line' id='line_1_10' title="bbox 156 1422 1264 1546; baseline 0 -25"><span class='ocrx_word' id='word_1_62' title='bbox 156 1446 299 1521; x_wconf 81' lang='lat' dir='ltr'><strong>militiae</strong></span> <span class='ocrx_word' id='word_1_63' title='bbox 314 1472 446 1546; x_wconf 82' lang='lat' dir='ltr'><strong>agones</strong></span> <span class='ocrx_word' id='word_1_64' title='bbox 462 1445 610 1520; x_wconf 85' lang='lat' dir='ltr'><strong>sortiter</strong></span> <span class='ocrx_word' id='word_1_65' title='bbox 627 1445 802 1519; x_wconf 82' lang='lat' dir='ltr'><strong>exercuit.</strong></span> <span class='ocrx_word' id='word_1_66' title='bbox 823 1443 986 1519; x_wconf 82' lang='lat' dir='ltr'><strong>Tandem</strong></span> <span class='ocrx_word' id='word_1_67' title='bbox 1001 1444 1228 1521; x_wconf 74' lang='lat' dir='ltr'><strong>multimode</strong></span> <span class='ocrx_word' id='word_1_68' title='bbox 1259 1422 1264 1499; x_wconf 82' lang='lat' dir='ltr'><strong>l</strong></span> 
     </span>
     <span class='ocr_line' id='line_1_11' title="bbox 156 1563 1229 1665; baseline -0.006 -26"><span class='ocrx_word' id='word_1_69' title='bbox 156 1564 349 1665; x_wconf 70' lang='lat' dir='ltr'><strong>probitatis</strong></span> <span class='ocrx_word' id='word_1_70' title='bbox 363 1565 481 1637; x_wconf 89' lang='lat' dir='ltr'><strong>clarus</strong></span> <span class='ocrx_word' id='word_1_71' title='bbox 495 1564 627 1654; x_wconf 83' lang='lat' dir='ltr'><strong>titulis,</strong></span> <span class='ocrx_word' id='word_1_72' title='bbox 646 1563 892 1663; x_wconf 81' lang='lat' dir='ltr'><strong>principatum</strong></span> <span class='ocrx_word' id='word_1_73' title='bbox 905 1577 1104 1663; x_wconf 81' lang='lat' dir='ltr'><strong>paternum</strong></span> <span class='ocrx_word' id='word_1_74' title='bbox 1119 1563 1229 1637; x_wconf 84' lang='lat' dir='ltr'><strong>tenuit</strong></span> 
     </span>
     <span class='ocr_line' id='line_1_12' title="bbox 156 1680 456 1781; baseline -0.003 -27"><span class='ocrx_word' id='word_1_75' title='bbox 156 1680 324 1781; x_wconf 81' lang='lat' dir='ltr'><strong>pluribus</strong></span> <span class='ocrx_word' id='word_1_76' title='bbox 339 1684 456 1755; x_wconf 85' lang='lat' dir='ltr'><strong>annis.</strong></span> 
     </span>
    </p>

    <p class='ocr_par' dir='ltr' id='par_1_5' title="bbox 159 1797 1245 4006">
     <span class='ocr_line' id='line_1_13' title="bbox 206 1797 1230 1898; baseline -0.001 -26"><span class='ocrx_word' id='word_1_77' title='bbox 206 1797 345 1872; x_wconf 87' lang='lat' dir='ltr'><strong>Eodem</strong></span> <span class='ocrx_word' id='word_1_78' title='bbox 361 1824 459 1872; x_wconf 88' lang='lat' dir='ltr'><strong>anno</strong></span> <span class='ocrx_word' id='word_1_79' title='bbox 476 1800 608 1898; x_wconf 75' lang='lat' dir='ltr'><strong>egregii</strong></span> <span class='ocrx_word' id='word_1_80' title='bbox 627 1802 777 1897; x_wconf 81' lang='lat' dir='ltr'><strong>juvenca</strong></span> <span class='ocrx_word' id='word_1_81' title='bbox 799 1797 965 1870; x_wconf 83' lang='lat' dir='ltr'><strong>Eduiuus</strong></span> <span class='ocrx_word' id='word_1_82' title='bbox 987 1813 1025 1870; x_wconf 88' lang='lat' dir='ltr'><strong>et</strong></span> <span class='ocrx_word' id='word_1_83' title='bbox 1046 1798 1230 1871; x_wconf 66' lang='lat' dir='ltr'><strong>Morum:</strong></span> 
     </span>
     <span class='ocr_line' id='line_1_14' title="bbox 159 1915 1230 2018; baseline -0.007 -23"><span class='ocrx_word' id='word_1_84' title='bbox 159 1916 223 1995; x_wconf 85' lang='lat' dir='ltr'><strong>filii</strong></span> <span class='ocrx_word' id='word_1_85' title='bbox 246 1917 378 2018; x_wconf 77' lang='lat' dir='ltr'><strong>Eligari</strong></span> <span class='ocrx_word' id='word_1_86' title='bbox 401 1918 546 1991; x_wconf 83' lang='lat' dir='ltr'><strong>comitis</strong></span> <span class='ocrx_word' id='word_1_87' title='bbox 568 1915 853 2005; x_wconf 83' lang='lat' dir='ltr'><strong>rebellaverunt,</strong></span> <span class='ocrx_word' id='word_1_88' title='bbox 877 1927 1019 1988; x_wconf 85' lang='lat' dir='ltr'><strong>etcum</strong></span> <span class='ocrx_word' id='word_1_89' title='bbox 1048 1915 1102 1989; x_wconf 81' lang='lat' dir='ltr'><strong>eia</strong></span> <span class='ocrx_word' id='word_1_90' title='bbox 1130 1915 1230 1988; x_wconf 83' lang='lat' dir='ltr'><strong>multi</strong></span> 
     </span>
     <span class='ocr_line' id='line_1_15' title="bbox 160 2029 1232 2134; baseline -0.005 -27"><span class='ocrx_word' id='word_1_91' title='bbox 160 2032 220 2107; x_wconf 79' lang='lat' dir='ltr'><strong>alii</strong></span> <span class='ocrx_word' id='word_1_92' title='bbox 238 2032 410 2110; x_wconf 80' lang='lat' dir='ltr'><strong>ferociter</strong></span> <span class='ocrx_word' id='word_1_93' title='bbox 433 2034 728 2120; x_wconf 83' lang='lat' dir='ltr'><strong>inaurrcxcrunt,</strong></span> <span class='ocrx_word' id='word_1_94' title='bbox 747 2056 908 2134; x_wconf 88' lang='lat' dir='ltr'><strong>quorum</strong></span> <span class='ocrx_word' id='word_1_95' title='bbox 925 2044 1048 2104; x_wconf 72' lang='lat' dir='ltr'><strong>motus</strong></span> <span class='ocrx_word' id='word_1_96' title='bbox 1069 2029 1232 2105; x_wconf 75' lang='lat' dir='ltr'><strong>Albionia</strong></span> 
     </span>
     <span class='ocr_line' id='line_1_16' title="bbox 160 2146 1232 2250; baseline -0.001 -27"><span class='ocrx_word' id='word_1_97' title='bbox 160 2176 313 2250; x_wconf 82' lang='lat' dir='ltr'><strong>regnum</strong></span> <span class='ocrx_word' id='word_1_98' title='bbox 332 2148 564 2223; x_wconf 79' lang='lat' dir='ltr'><strong>vehementer</strong></span> <span class='ocrx_word' id='word_1_99' title='bbox 588 2147 840 2222; x_wconf 84' lang='lat' dir='ltr'><strong>turbaverunt.</strong></span> <span class='ocrx_word' id='word_1_100' title='bbox 861 2146 1080 2221; x_wconf 83' lang='lat' dir='ltr'><strong>Guillelmua</strong></span> <span class='ocrx_word' id='word_1_101' title='bbox 1102 2149 1232 2222; x_wconf 78' lang='lat' dir='ltr'><strong>etenim</strong></span> 
     </span>
     <span class='ocr_line' id='line_1_17' title="bbox 162 2265 1234 2366; baseline 0 -28"><span class='ocrx_word' id='word_1_102' title='bbox 162 2293 246 2355; x_wconf 84' lang='lat' dir='ltr'><strong>rex,</strong></span> <span class='ocrx_word' id='word_1_103' title='bbox 265 2266 411 2366; x_wconf 76' lang='lat' dir='ltr'><strong>qanndo</strong></span> <span class='ocrx_word' id='word_1_104' title='bbox 433 2267 599 2340; x_wconf 82' lang='lat' dir='ltr'><strong>Eduinua</strong></span> <span class='ocrx_word' id='word_1_105' title='bbox 616 2292 736 2341; x_wconf 82' lang='lat' dir='ltr'><strong>comes</strong></span> <span class='ocrx_word' id='word_1_106' title='bbox 756 2292 841 2339; x_wconf 85' lang='lat' dir='ltr'><strong>cum</strong></span> <span class='ocrx_word' id='word_1_107' title='bbox 862 2291 907 2340; x_wconf 89' lang='lat' dir='ltr'><strong>eo</strong></span> <span class='ocrx_word' id='word_1_108' title='bbox 924 2266 1161 2341; x_wconf 83' lang='lat' dir='ltr'><strong>concordiam</strong></span> <span class='ocrx_word' id='word_1_109' title='bbox 1183 2265 1234 2338; x_wconf 82' lang='lat' dir='ltr'><strong>se-</strong></span> 
     </span>
     <span class='ocr_line' id='line_1_18' title="bbox 163 2384 1235 2485; baseline 0.001 -28"><span class='ocrx_word' id='word_1_110' title='bbox 163 2399 279 2471; x_wconf 87' lang='lat' dir='ltr'><strong>cerat,</strong></span> <span class='ocrx_word' id='word_1_111' title='bbox 306 2385 409 2483; x_wconf 88' lang='lat' dir='ltr'><strong>eique</strong></span> <span class='ocrx_word' id='word_1_112' title='bbox 435 2384 585 2457; x_wconf 85' lang='lat' dir='ltr'><strong>fratrem</strong></span> <span class='ocrx_word' id='word_1_113' title='bbox 612 2410 717 2456; x_wconf 79' lang='lat' dir='ltr'><strong>suum</strong></span> <span class='ocrx_word' id='word_1_114' title='bbox 745 2400 782 2457; x_wconf 88' lang='lat' dir='ltr'><strong>et</strong></span> <span class='ocrx_word' id='word_1_115' title='bbox 805 2409 897 2485; x_wconf 87' lang='lat' dir='ltr'><strong>pene</strong></span> <span class='ocrx_word' id='word_1_116' title='bbox 925 2385 1071 2457; x_wconf 86' lang='lat' dir='ltr'><strong>tertiam</strong></span> <span class='ocrx_word' id='word_1_117' title='bbox 1097 2399 1235 2483; x_wconf 83' lang='lat' dir='ltr'><strong>partem</strong></span> 
     </span>
     <span class='ocr_line' id='line_1_19' title="bbox 164 2500 1236 2603; baseline -0.001 -29"><span class='ocrx_word' id='word_1_118' title='bbox 164 2500 306 2601; x_wconf 73' lang='lat' dir='ltr'><strong>angliae</strong></span> <span class='ocrx_word' id='word_1_119' title='bbox 322 2500 548 2587; x_wconf 81' lang='lat' dir='ltr'><strong>subdiderat,</strong></span> <span class='ocrx_word' id='word_1_120' title='bbox 568 2500 679 2574; x_wconf 89' lang='lat' dir='ltr'><strong>filiam</strong></span> <span class='ocrx_word' id='word_1_121' title='bbox 693 2527 793 2574; x_wconf 85' lang='lat' dir='ltr'><strong>suam</strong></span> <span class='ocrx_word' id='word_1_122' title='bbox 808 2529 846 2575; x_wconf 87' lang='lat' dir='ltr'><strong>sc</strong></span> <span class='ocrx_word' id='word_1_123' title='bbox 862 2503 898 2574; x_wconf 91' lang='lat' dir='ltr'><strong>in</strong></span> <span class='ocrx_word' id='word_1_124' title='bbox 916 2505 1111 2603; x_wconf 77' lang='lat' dir='ltr'><strong>conjugem</strong></span> <span class='ocrx_word' id='word_1_125' title='bbox 1128 2503 1162 2576; x_wconf 85' lang='lat' dir='ltr'><strong>ei</strong></span> <span class='ocrx_word' id='word_1_126' title='bbox 1178 2500 1236 2573; x_wconf 82' lang='lat' dir='ltr'><strong>da-</strong></span> 
     </span>
     <span class='ocr_line' id='line_1_20' title="bbox 167 2616 1238 2717; baseline 0.005 -30"><span class='ocrx_word' id='word_1_127' title='bbox 167 2632 291 2687; x_wconf 85' lang='lat' dir='ltr'><strong>turum</strong></span> <span class='ocrx_word' id='word_1_128' title='bbox 304 2616 565 2716; x_wconf 86' lang='lat' dir='ltr'><strong>spoponderat;</strong></span> <span class='ocrx_word' id='word_1_129' title='bbox 583 2616 643 2690; x_wconf 89' lang='lat' dir='ltr'><strong>sed</strong></span> <span class='ocrx_word' id='word_1_130' title='bbox 657 2618 890 2717; x_wconf 88' lang='lat' dir='ltr'><strong>postmodum</strong></span> <span class='ocrx_word' id='word_1_131' title='bbox 906 2617 1142 2692; x_wconf 80' lang='lat' dir='ltr'><strong>fraudulento</strong></span> <span class='ocrx_word' id='word_1_132' title='bbox 1156 2644 1238 2692; x_wconf 89' lang='lat' dir='ltr'><strong>oon·</strong></span> 
     </span>
     <span class='ocr_line' id='line_1_21' title="bbox 165 2730 1236 2833; baseline 0.004 -31"><span class='ocrx_word' id='word_1_133' title='bbox 165 2730 264 2803; x_wconf 81' lang='lat' dir='ltr'><strong>aultu</strong></span> <span class='ocrx_word' id='word_1_134' title='bbox 280 2730 596 2819; x_wconf 88' lang='lat' dir='ltr'><strong>Normannorum,</strong></span> <span class='ocrx_word' id='word_1_135' title='bbox 615 2734 678 2832; x_wconf 89' lang='lat' dir='ltr'><strong>qui</strong></span> <span class='ocrx_word' id='word_1_136' title='bbox 694 2733 802 2805; x_wconf 81' lang='lat' dir='ltr'><strong>nimis</strong></span> <span class='ocrx_word' id='word_1_137' title='bbox 820 2731 932 2806; x_wconf 84' lang='lat' dir='ltr'><strong>invidi</strong></span> <span class='ocrx_word' id='word_1_138' title='bbox 946 2749 1035 2806; x_wconf 80' lang='lat' dir='ltr'><strong>aunt</strong></span> <span class='ocrx_word' id='word_1_139' title='bbox 1047 2749 1085 2807; x_wconf 89' lang='lat' dir='ltr'><strong>et</strong></span> <span class='ocrx_word' id='word_1_140' title='bbox 1097 2733 1236 2833; x_wconf 89' lang='lat' dir='ltr'><strong>cupidi,</strong></span> 
     </span>
     <span class='ocr_line' id='line_1_22' title="bbox 168 2848 1239 2954; baseline 0.003 -33"><span class='ocrx_word' id='word_1_141' title='bbox 168 2850 398 2948; x_wconf 74' lang='lat' dir='ltr'><strong>concupitam</strong></span> <span class='ocrx_word' id='word_1_142' title='bbox 412 2850 589 2949; x_wconf 84' lang='lat' dir='ltr'><strong>virginem</strong></span> <span class='ocrx_word' id='word_1_143' title='bbox 603 2866 640 2923; x_wconf 88' lang='lat' dir='ltr'><strong>et</strong></span> <span class='ocrx_word' id='word_1_144' title='bbox 651 2850 715 2922; x_wconf 90' lang='lat' dir='ltr'><strong>diu</strong></span> <span class='ocrx_word' id='word_1_145' title='bbox 728 2866 952 2950; x_wconf 78' lang='lat' dir='ltr'><strong>expectatam</strong></span> <span class='ocrx_word' id='word_1_146' title='bbox 966 2848 1159 2954; x_wconf 77' lang='lat' dir='ltr'><strong>denegavit</strong></span> <span class='ocrx_word' id='word_1_147' title='bbox 1173 2876 1239 2924; x_wconf 91' lang='lat' dir='ltr'><strong>no-</strong></span> 
     </span>
     <span class='ocr_line' id='line_1_23' title="bbox 167 2963 1239 3067; baseline 0.006 -30"><span class='ocrx_word' id='word_1_148' title='bbox 167 2963 344 3042; x_wconf 87' lang='lat' dir='ltr'><strong>bilissimo</strong></span> <span class='ocrx_word' id='word_1_149' title='bbox 355 2970 495 3067; x_wconf 84' lang='lat' dir='ltr'><strong>juveni.</strong></span> <span class='ocrx_word' id='word_1_150' title='bbox 515 2968 620 3042; x_wconf 89' lang='lat' dir='ltr'><strong>Unde</strong></span> <span class='ocrx_word' id='word_1_151' title='bbox 638 2970 748 3042; x_wconf 79' lang='lat' dir='ltr'><strong>iratus</strong></span> <span class='ocrx_word' id='word_1_152' title='bbox 766 2995 849 3041; x_wconf 92' lang='lat' dir='ltr'><strong>cum</strong></span> <span class='ocrx_word' id='word_1_153' title='bbox 860 2969 974 3043; x_wconf 84' lang='lat' dir='ltr'><strong>fratre</strong></span> <span class='ocrx_word' id='word_1_154' title='bbox 985 2993 1052 3042; x_wconf 87' lang='lat' dir='ltr'><strong>suo</strong></span> <span class='ocrx_word' id='word_1_155' title='bbox 1068 2964 1114 3042; x_wconf 86' lang='lat' dir='ltr'><strong>ad</strong></span> <span class='ocrx_word' id='word_1_156' title='bbox 1127 2968 1239 3043; x_wconf 71' lang='lat' dir='ltr'><strong>rebel·</strong></span> 
     </span>
     <span class='ocr_line' id='line_1_24' title="bbox 170 3083 1240 3188; baseline 0.004 -34"><span class='ocrx_word' id='word_1_157' title='bbox 170 3083 305 3158; x_wconf 88' lang='lat' dir='ltr'><strong>lionem</strong></span> <span class='ocrx_word' id='word_1_158' title='bbox 328 3086 497 3159; x_wconf 85' lang='lat' dir='ltr'><strong>incitatus</strong></span> <span class='ocrx_word' id='word_1_159' title='bbox 518 3100 591 3174; x_wconf 87' lang='lat' dir='ltr'><strong>est,</strong></span> <span class='ocrx_word' id='word_1_160' title='bbox 615 3112 771 3188; x_wconf 89' lang='lat' dir='ltr'><strong>eumque</strong></span> <span class='ocrx_word' id='word_1_161' title='bbox 787 3111 916 3186; x_wconf 76' lang='lat' dir='ltr'><strong>magna</strong></span> <span class='ocrx_word' id='word_1_162' title='bbox 939 3112 1022 3186; x_wconf 72' lang='lat' dir='ltr'><strong>para</strong></span> <span class='ocrx_word' id='word_1_163' title='bbox 1036 3085 1240 3187; x_wconf 75' lang='lat' dir='ltr'><strong>Anglorum</strong></span> 
     </span>
     <span class='ocr_line' id='line_1_25' title="bbox 171 3201 1242 3304; baseline -0.001 -28"><span class='ocrx_word' id='word_1_164' title='bbox 171 3218 208 3276; x_wconf 85' lang='lat' dir='ltr'><strong>et</strong></span> <span class='ocrx_word' id='word_1_165' title='bbox 228 3201 444 3276; x_wconf 87' lang='lat' dir='ltr'><strong>Guallorum</strong></span> <span class='ocrx_word' id='word_1_166' title='bbox 464 3218 583 3276; x_wconf 82' lang='lat' dir='ltr'><strong>secuta</strong></span> <span class='ocrx_word' id='word_1_167' title='bbox 602 3219 664 3282; x_wconf 82' lang='lat' dir='ltr'><strong>eat.</strong></span> <span class='ocrx_word' id='word_1_168' title='bbox 691 3205 847 3278; x_wconf 76' lang='lat' dir='ltr'><strong>Feruens</strong></span> <span class='ocrx_word' id='word_1_169' title='bbox 869 3202 1030 3278; x_wconf 83' lang='lat' dir='ltr'><strong>adlectus</strong></span> <span class='ocrx_word' id='word_1_170' title='bbox 1051 3218 1132 3278; x_wconf 85' lang='lat' dir='ltr'><strong>erat</strong></span> <span class='ocrx_word' id='word_1_171' title='bbox 1147 3229 1242 3304; x_wconf 79' lang='lat' dir='ltr'><strong>prae-</strong></span> 
     </span>
     <span class='ocr_line' id='line_1_26' title="bbox 171 3318 1243 3421; baseline 0.004 -29"><span class='ocrx_word' id='word_1_172' title='bbox 171 3319 254 3394; x_wconf 83' lang='lat' dir='ltr'><strong>satia</strong></span> <span class='ocrx_word' id='word_1_173' title='bbox 273 3318 445 3393; x_wconf 79' lang='lat' dir='ltr'><strong>fratribus</strong></span> <span class='ocrx_word' id='word_1_174' title='bbox 465 3348 546 3421; x_wconf 75' lang='lat' dir='ltr'><strong>erga</strong></span> <span class='ocrx_word' id='word_1_175' title='bbox 564 3322 629 3395; x_wconf 86' lang='lat' dir='ltr'><strong>Dei</strong></span> <span class='ocrx_word' id='word_1_176' title='bbox 652 3321 791 3394; x_wconf 89' lang='lat' dir='ltr'><strong>cultum</strong></span> <span class='ocrx_word' id='word_1_177' title='bbox 809 3338 846 3394; x_wconf 89' lang='lat' dir='ltr'><strong>et</strong></span> <span class='ocrx_word' id='word_1_178' title='bbox 867 3321 1051 3398; x_wconf 89' lang='lat' dir='ltr'><strong>bonorum</strong></span> <span class='ocrx_word' id='word_1_179' title='bbox 1075 3346 1243 3396; x_wconf 69' lang='lat' dir='ltr'><strong>reamu-</strong></span> 
     </span>
     <span class='ocr_line' id='line_1_27' title="bbox 173 3434 1242 3538; baseline 0.001 -32"><span class='ocrx_word' id='word_1_180' title='bbox 173 3438 259 3509; x_wconf 88' lang='lat' dir='ltr'><strong>tiam</strong></span> <span class='ocrx_word' id='word_1_181' title='bbox 283 3436 487 3510; x_wconf 82' lang='lat' dir='ltr'><strong>hominurn.</strong></span> <span class='ocrx_word' id='word_1_182' title='bbox 509 3437 599 3511; x_wconf 86' lang='lat' dir='ltr'><strong>Erat</strong></span> <span class='ocrx_word' id='word_1_183' title='bbox 615 3439 666 3511; x_wconf 82' lang='lat' dir='ltr'><strong>eis</strong></span> <span class='ocrx_word' id='word_1_184' title='bbox 688 3438 812 3538; x_wconf 79' lang='lat' dir='ltr'><strong>ingena</strong></span> <span class='ocrx_word' id='word_1_185' title='bbox 828 3435 1087 3537; x_wconf 86' lang='lat' dir='ltr'><strong>pulchritudo,</strong></span> <span class='ocrx_word' id='word_1_186' title='bbox 1110 3434 1242 3512; x_wconf 80' lang='lat' dir='ltr'><strong>nobilia</strong></span> 
     </span>
     <span class='ocr_line' id='line_1_28' title="bbox 173 3555 1243 3657; baseline -0.002 -29"><span class='ocrx_word' id='word_1_187' title='bbox 173 3571 210 3628; x_wconf 85' lang='lat' dir='ltr'><strong>ct</strong></span> <span class='ocrx_word' id='word_1_188' title='bbox 221 3555 337 3655; x_wconf 88' lang='lat' dir='ltr'><strong>ampla</strong></span> <span class='ocrx_word' id='word_1_189' title='bbox 352 3557 519 3657; x_wconf 84' lang='lat' dir='ltr'><strong>cognatio</strong></span> <span class='ocrx_word' id='word_1_190' title='bbox 528 3610 539 3645; x_wconf 94' lang='lat'><strong>,</strong></span> <span class='ocrx_word' id='word_1_191' title='bbox 555 3557 626 3631; x_wconf 85' lang='lat' dir='ltr'><strong>late</strong></span> <span class='ocrx_word' id='word_1_192' title='bbox 642 3556 764 3630; x_wconf 80' lang='lat' dir='ltr'><strong>valens</strong></span> <span class='ocrx_word' id='word_1_193' title='bbox 777 3571 1004 3655; x_wconf 83' lang='lat' dir='ltr'><strong>potentatus,</strong></span> <span class='ocrx_word' id='word_1_194' title='bbox 1023 3569 1060 3628; x_wconf 85' lang='lat' dir='ltr'><strong>et</strong></span> <span class='ocrx_word' id='word_1_195' title='bbox 1072 3555 1192 3627; x_wconf 74' lang='lat' dir='ltr'><strong>&#39;nimia</strong></span> <span class='ocrx_word' id='word_1_196' title='bbox 1207 3555 1243 3626; x_wconf 89' lang='lat' dir='ltr'><strong>in</strong></span> 
     </span>
     <span class='ocr_line' id='line_1_29' title="bbox 173 3667 1244 3771; baseline 0 -27"><span class='ocrx_word' id='word_1_197' title='bbox 173 3696 233 3744; x_wconf 89' lang='lat' dir='ltr'><strong>eos</strong></span> <span class='ocrx_word' id='word_1_198' title='bbox 248 3671 478 3771; x_wconf 88' lang='lat' dir='ltr'><strong>popularium</strong></span> <span class='ocrx_word' id='word_1_199' title='bbox 492 3672 651 3745; x_wconf 84' lang='lat' dir='ltr'><strong>dilectio.</strong></span> <span class='ocrx_word' id='word_1_200' title='bbox 669 3673 700 3745; x_wconf 88' lang='grc' dir='ltr'>Α</span> <span class='ocrx_word' id='word_1_201' title='bbox 717 3671 856 3746; x_wconf 86' lang='lat' dir='ltr'><strong>clericis</strong></span> <span class='ocrx_word' id='word_1_202' title='bbox 869 3687 906 3746; x_wconf 89' lang='lat' dir='ltr'><strong>et</strong></span> <span class='ocrx_word' id='word_1_203' title='bbox 918 3668 1106 3744; x_wconf 76' lang='lat' dir='ltr'><strong>monachia</strong></span> <span class='ocrx_word' id='word_1_204' title='bbox 1120 3667 1244 3744; x_wconf 71' lang='lat' dir='ltr'><strong>creba</strong></span> 
     </span>
     <span class='ocr_line' id='line_1_30' title="bbox 175 3787 1245 3890; baseline -0.003 -30"><span class='ocrx_word' id='word_1_205' title='bbox 175 3815 242 3886; x_wconf 92' lang='lat' dir='ltr'><strong>pro</strong></span> <span class='ocrx_word' id='word_1_206' title='bbox 255 3788 324 3860; x_wconf 86' lang='lat' dir='ltr'><strong>illis</strong></span> <span class='ocrx_word' id='word_1_207' title='bbox 334 3787 442 3861; x_wconf 81' lang='lat' dir='ltr'><strong>fiebat</strong></span> <span class='ocrx_word' id='word_1_208' title='bbox 452 3792 591 3875; x_wconf 87' lang='lat' dir='ltr'><strong>oratio,</strong></span> <span class='ocrx_word' id='word_1_209' title='bbox 607 3805 642 3863; x_wconf 87' lang='lat' dir='ltr'><strong>ct</strong></span> <span class='ocrx_word' id='word_1_210' title='bbox 656 3817 674 3862; x_wconf 92' lang='lat' dir='ltr'><strong>a</strong></span> <span class='ocrx_word' id='word_1_211' title='bbox 689 3789 804 3862; x_wconf 79' lang='lat' dir='ltr'><strong>turbis</strong></span> <span class='ocrx_word' id='word_1_212' title='bbox 822 3815 1020 3890; x_wconf 88' lang='lat' dir='ltr'><strong>pauperum</strong></span> <span class='ocrx_word' id='word_1_213' title='bbox 1033 3787 1245 3888; x_wconf 80' lang='lat' dir='ltr'><strong>quotidiana</strong></span> 
     </span>
     <span class='ocr_line' id='line_1_31' title="bbox 174 3907 1067 4006; baseline 0.003 -28"><span class='ocrx_word' id='word_1_214' title='bbox 174 3907 400 4006; x_wconf 68' lang='lat' dir='ltr'><strong>supplicatio.</strong></span> <span class='ocrx_word' id='word_1_215' title='bbox 1064 3910 1067 3915; x_wconf 70' lang='grc'><strong>’</strong></span> 
     </span>
    </p>
   </div>
   <div class='ocr_carea' id='block_1_4' title="bbox 211 4180 834 4257">
    <p class='ocr_par' dir='ltr' id='par_1_6' title="bbox 211 4180 834 4257">
     <span class='ocr_line' id='line_1_32' title="bbox 211 4180 834 4257; baseline -0.002 -22"><span class='ocrx_word' id='word_1_216' title='bbox 211 4188 248 4252; x_wconf 79' lang='grc' dir='ltr'><strong>(ι)</strong></span> <span class='ocrx_word' id='word_1_217' title='bbox 267 4186 305 4238; x_wconf 79' lang='lat' dir='ltr'><strong>Cc</strong></span> <span class='ocrx_word' id='word_1_218' title='bbox 321 4186 416 4257; x_wconf 70' lang='lat' dir='ltr'><strong>princi·</strong></span> <span class='ocrx_word' id='word_1_219' title='bbox 430 4183 472 4237; x_wconf 84' lang='lat' dir='ltr'><strong>lut</strong></span> <span class='ocrx_word' id='word_1_220' title='bbox 485 4182 584 4255; x_wconf 75' lang='lat' dir='ltr'><strong>depuis</strong></span> <span class='ocrx_word' id='word_1_221' title='bbox 595 4180 620 4237; x_wconf 86' lang='lat' dir='ltr'><strong>lc</strong></span> <span class='ocrx_word' id='word_1_222' title='bbox 633 4184 674 4237; x_wconf 85' lang='lat' dir='ltr'><strong>roi</strong></span> <span class='ocrx_word' id='word_1_223' title='bbox 688 4182 776 4237; x_wconf 75' lang='lat' dir='ltr'><strong>litori</strong></span> <span class='ocrx_word' id='word_1_224' title='bbox 791 4180 834 4235; x_wconf 65' lang='lat'><strong>1⁸.</strong></span> 
     </span>
    </p>
   </div>
   <div class='ocr_carea' id='block_1_5' title="bbox 0 0 1419 5094">
    <p class='ocr_par' dir='ltr' id='par_1_7' title="bbox 0 0 1419 5094">
     <span class='ocr_line' id='line_1_33' title="bbox 0 0 1419 5094; baseline 0 0"><span class='ocrx_word' id='word_1_225' title='bbox 0 0 1419 5094; x_wconf 95' lang='lat' dir='ltr'><strong> </strong></span> 
     </span>
    </p>
   </div>
  </div>
 </body>
</html>
