2768 5094
150 347 191 408 30
376 338 560 402 HISTORIA
582 335 887 399 ECCLESIAS'I’ICA.
917 336 1212 418 [maiolo-1⁰50]

152 490 234 540 mus
249 477 287 536 et
302 459 475 534 Radulsus
491 460 564 531 orti
579 473 683 545 sunt,
702 457 764 557 qui
783 457 1014 557 postmodum
1031 457 1070 532 in
1089 458 1214 560 Apulia

153 597 191 657 et
223 579 343 655 Sicilia
370 575 599 652 Rodbertum
624 575 855 649 Wiscardum
884 573 1059 649 calabrie
1091 575 1217 652 docem

152 701 310 776 multum
329 700 516 796 juverunt.
542 691 679 767 Deinde
705 692 855 767 Hadvisa
879 692 1008 767 sociata
1036 709 1093 766 cst
1120 694 1219 768 Rod-

155 814 263 890 berto
282 812 327 886 dc
351 808 687 898 Grentemaisnilio,
710 834 793 909 quae
816 808 956 908 peperit
975 808 1008 882 ei
1029 809 1220 910 Hugonem

157 946 195 1008 et
211 928 439 1005 Rodbertnm
454 943 491 1002 ct
507 925 707 1000 Ernalduin
723 940 760 1001 ct
778 925 929 1000 totidem
946 926 1037 1000 filias
1052 931 1068 1028 (
1077 931 1127 1027 s).
1145 929 1221 1023 Quo

157 1049 351 1135 defuncto,
369 1047 560 1143 conjuncta
577 1061 631 1118 est
647 1043 843 1119 Willermo
854 1043 1027 1118 Rodberti
1044 1045 1224 1148 archiepi-

157 1165 258 1265 scopi
277 1163 354 1255 filio
371 1162 446 1260 (a),
465 1177 501 1234 et
517 1161 657 1260 peperit
674 1161 705 1235 ei
728 1158 853 1234 Juditb
862 1214 874 1250 ,
893 1188 975 1261 quae
990 1162 1224 1263 postmodum

159 1280 302 1382 Rogerii
323 1278 466 1352 comitis
480 1277 611 1349 Siciliae
625 1280 756 1375 conjux
774 1275 858 1351 fnit.
877 1278 999 1352 Tertia
1014 1278 1143 1353 Geroii
1159 1279 1225 1352 filia

162 1400 235 1474 suit
252 1401 402 1488 Emma,
421 1422 504 1496 quae
522 1394 602 1468 data
619 1409 673 1469 est
687 1396 844 1495 llogerio
861 1395 904 1470 de
920 1395 1080 1484 Monalos
1099 1423 1145 1471 cx
1161 1421 1225 1497 qna

162 1515 361 1604 nadulfus,
380 1529 417 1587 et
428 1512 642 1586 Willermus
656 1509 800 1586 Rodulfi
812 1527 849 1586 et
862 1512 1008 1612 Rogcrii
1021 1513 1226 1587 vicinorum

163 1651 375 1711 nostrorum
388 1646 502 1732 pater,
523 1630 596 1702 orti
608 1645 707 1702 sunt.
722 1630 859 1726 Quarta
872 1628 1012 1703 Adelais
1028 1630 1165 1703 sociata
1181 1642 1227 1702 est

166 1750 350 1826 Salomoni
369 1745 414 1822 dc
434 1745 593 1822 Sabloilo
613 1747 686 1845 (3),
706 1747 811 1847 cique
832 1748 971 1846 peperit
990 1747 1225 1832 Raioaldum,

166 1869 266 1968 cujus
283 1865 402 1966 proles
417 1867 566 1940 nomine
582 1861 760 1937 Lisiardus
776 1890 874 1937 nunc
891 1864 1049 1939 llenrico
1064 1866 1143 1964 regi
1159 1864 1227 1936 An

164 1989 310 2089 giorum
337 1984 471 2085 grande
486 2022 487 2027 1
501 1997 648 2082 praestat
675 1983 712 2056 in
742 1980 1011 2079 Andegavcnses
1042 1983 1225 2055 auxilium.

166 2110 253 2181 llaec
268 2105 314 2180 dc
337 2103 515 2179 Geroiana
537 2103 710 2203 progenie
731 2098 859 2175 dixisse
881 2101 1043 2174 sufficiat.
1066 2101 1177 2175 Nunc
1191 2098 1228 2172 ad

168 2221 375 2307 materiam,
399 2217 496 2291 unde
511 2217 768 2317 aliquantisper
786 2215 933 2316 digressi
950 2242 1092 2304 sumus,
1113 2217 1230 2291 rede·-

168 2364 264 2414 mus.

218 2456 261 2527 ln
277 2451 398 2551 primo
414 2475 531 2540 anno,
550 2475 625 2550 quo
641 2448 821 2525 Uticensis
839 2448 980 2523 abbatia
997 2447 1148 2524 fundata
1164 2464 1228 2535 est,

170 2570 385 2643 Willermus
401 2581 437 2642 et
455 2563 659 2641 Rodbertus
670 2565 735 2640 filii
749 2564 894 2654 Geroii,
910 2582 947 2641 et
963 2569 1069 2666 lingo
1083 2583 1121 2641 et
1136 2566 1230 2642 Rod-

171 2685 296 2760 bertus
311 2698 458 2783 nepotes
478 2709 624 2776 eorum,
643 2708 725 2757 cum
743 2681 825 2756 filiis
847 2698 884 2756 et
904 2680 1097 2782 nepotibus
1117 2698 1155 2758 et
1170 2682 1230 2755 ba-

172 2800 326 2878 ronibus
343 2801 414 2874 suis
429 2800 524 2899 apud
539 2800 687 2874 Uticum
705 2799 910 2899 congregati
928 2815 1030 2886 sunt;
1050 2798 1150 2874 etde
1168 2800 1231 2873 uti·

173 2922 274 2994 litate
295 2919 393 2992 rudis
416 2917 577 2992 coenobii
599 2917 699 3020 quod
723 2917 997 3007 inchoaverant,
1022 2933 1230 3005 tractantes,

176 3036 419 3113 communiter
447 3051 650 3109 statuerunt
680 3035 897 3136 utquisque
926 3062 999 3111 aesc
1025 3062 1110 3109 cum
1139 3036 1231 3112 omni

175 3169 277 3255 parte
294 3149 502 3224 substantiae
519 3178 592 3224 suae
609 3167 734 3226 sancto
754 3150 906 3226 Ebrulfo
923 3153 961 3225 in
979 3151 1053 3227 fine
1069 3180 1137 3229 suo
1154 3181 1234 3228 oon·

212 3400 253 3470 (ι)
267 3395 291 3451 ll
304 3395 374 3451 n'est
386 3395 476 3451 accire
489 3397 505 3450 l
517 3406 598 3452 notre
612 3397 806 3454 connaissance
817 3416 873 3472 que
884 3398 912 3452 lc
924 3417 990 3454 nom
1009 3398 1045 3455 dc
1058 3399 1133 3456 deux
1147 3401 1184 3457 de
1198 3417 1238 3457 ou

181 3490 250 3545 filies
260 3488 294 3542 dc
312 3485 419 3541 Robect
430 3485 465 3540 de
476 3485 684 3541 Grentemesnil
697 3497 726 3541 et
738 3486 885 3542 d'lladvise
894 3487 1002 3555 Gir-oie,
1017 3490 1107 3544 avoir
1120 3514 1125 3544 :
1139 3492 1238 3565 Agnes

179 3582 281 3635 lemme
302 3575 337 3630 de
357 3575 465 3630 Robert
478 3573 513 3628 de
529 3574 836 3645 Manlius-la·blarcbe‚
851 3588 880 3632 et
891 3576 1018 3646 noctise,
1034 3577 1137 3634 lemme
1153 3578 1241 3637 d’on·

179 3669 232 3724 lroi
246 3666 285 3720 du
297 3663 555 3734 Tilleal-eu·Ange.

216 3758 255 3826 (a)
273 3753 446 3819 Guillaumc‚
472 3753 613 3807 troisidmc
633 3753 674 3808 fils
692 3753 726 3808 de
737 3753 927 3829 l'arclreveqnc
942 3755 1066 3825 Robora,
1080 3767 1174 3813 comte
1182 3745 1244 3812 d'b-

182 3862 275 3900 rreux.

216 3933 255 4006 (3)
264 3929 354 3996 sablo,
362 3928 597 3985 armodiuemcnt
607 3929 643 3986 de
651 3932 688 3986 La
700 3933 812 3990 Fleche.
822 3933 930 3990 Lisiarrl
937 3933 974 3990 de
983 3934 1065 3993 sante·
1077 3936 1121 3992 fut
1134 3955 1172 3992 cn
1183 3935 1245 3994 det

183 4028 242 4082 l’nn
263 4020 312 4075 des
336 4020 463 4074 ennemis
481 4017 520 4073 les
544 4018 607 4094 plus
626 4032 765 4078 constante
787 4023 823 4078 de
842 4023 966 4080 Gsoffroi
990 4024 1182 4097 Plantagenet.
1212 4025 1247 4080 la

180 4111 341 4187 genealogie
354 4108 402 4163 des
414 4108 556 4181 seigneurs
565 4107 600 4163 de
612 4120 685 4167 cette
695 4112 759 4170 ville
774 4123 816 4170 est
826 4111 884 4169 fort
897 4112 1087 4169 embronillee.
