2768 5094
145 362 205 424 Ill
419 360 602 423 utsmnlt
624 361 932 424 ucenrsmsttct.
1117 368 1190 444 [nt
1237 414 1242 423 .

145 482 254 556 nibus
266 482 378 580 copiis
391 482 462 553 suis
477 480 661 554 occubuit.
676 483 907 556 locuaetiam
925 480 1019 557 belli
1038 501 1194 584 perh-an

144 596 314 672 euntibus
327 595 511 671 evidenter
526 612 642 696 patet,
658 597 719 671 ubi
738 625 865 700 magna
877 600 1078 701 congeries
1092 604 1197 677 onim

145 729 375 787 mortuorum
390 739 502 814 usque
516 712 622 786 hodie
630 717 743 813 jacet,
758 730 793 788 et
806 714 986 788 indicium
999 717 1128 791 ruinae
1137 718 1200 790 rut

144 831 276 932 tiplicis
289 832 476 931 utrimque
485 831 601 930 gentis
614 830 786 930 exhibet(
810 833 840 931 ).

194 951 332 1022 Interea
345 949 432 1020 dum
446 948 552 1048 Angli
567 946 889 1023 belloEboracensi
905 951 1085 1051 occupati
1102 968 1202 1035 eraut,

144 1081 181 1139 et
197 1065 393 1139 custodiam
410 1066 535 1152 maria,
552 1080 593 1136 ut
606 1065 775 1156 diximus,
788 1082 881 1138 nutu
893 1067 961 1141 Dei
979 1069 1203 1170 reliquerant,

144 1183 263 1257 classic
288 1185 586 1257 Normannorum
607 1186 708 1284 (quae
738 1185 853 1283 spatio
879 1185 994 1258 unius
1023 1189 1161 1261 mensis
1178 1190 1204 1259 in

143 1303 239 1375 ostio
252 1302 351 1374 Dirae
368 1302 566 1400 vicinisque
579 1299 758 1398 portubus
770 1301 908 1374 Notum
921 1302 1142 1401 praestolata
1152 1322 1203 1395 eati

84 1396 99 1417 ⁴
144 1419 292 1521 zephyri
316 1416 405 1489 llatu
425 1417 464 1489 in
486 1417 677 1490 stationem
695 1417 733 1490 S.
760 1416 913 1491 Galerici
931 1418 995 1517 (2)
1013 1419 1137 1494 delata
1154 1438 1203 1493 ert.

143 1536 199 1609 lbi
219 1535 331 1611 multa
353 1562 419 1635 pro
436 1561 473 1608 se
491 1551 527 1608 et
544 1560 613 1634 pro
628 1535 751 1607 amicis
768 1552 850 1608 rota
869 1535 963 1608 sacta
983 1556 1078 1611 sunt
1091 1555 1130 1613 et
1144 1566 1205 1639 pre·

143 1682 201 1729 cca
217 1650 568 1752 innumerabilesque
588 1652 757 1753 lacrymae
770 1653 890 1727 elluaae
910 1673 1016 1727 aunt.
1032 1640 1204 1731 ¹Namne-

142 1772 281 1846 ceasarii
299 1770 435 1844 sodales
456 1797 518 1844 seu
534 1770 607 1842 cari
624 1771 698 1843 sire
715 1771 933 1871 propinqui,
957 1774 1027 1872 qui
1046 1772 1151 1848 domi
1162 1800 1204 1847 re
1229 1762 1233 1783 ¹

141 1891 301 1963 mansuri
316 1906 431 1978 erant,
446 1889 533 1960 dum
547 1889 807 1989 quinquaginta
825 1888 936 1961 millia
950 1891 1124 1965 militum
1139 1918 1205 1965 euu

141 2007 242 2106 copia
264 2003 425 2105 peditum
442 2031 507 2104 per
533 2002 754 2078 horrendum
775 2005 919 2105 pelagus
937 2005 984 2078 ad
1002 2034 1206 2109 expugnau-

140 2124 225 2197 dam
243 2125 280 2196 in
294 2125 438 2223 propria
450 2121 531 2196 sede
543 2122 763 2221 incognitam
777 2138 920 2221 gentem
937 2124 992 2196 ire
1004 2124 1204 2205 certabant.

139 2241 284 2315 fletibus
294 2240 512 2339 etsuspiriis,
525 2238 718 2339 multisque
727 2240 823 2312 curis
832 2240 996 2315 meluset
1008 2242 1206 2345 cupiditatis

142 2374 215 2429 tam
232 2382 461 2455 proscqunm
480 2381 547 2454 pro
562 2356 687 2426 amicis·
700 2357 797 2429 anxii
811 2373 927 2430 erant.
944 2359 1129 2434 Tunc'ibi
1145 2360 1206 2435 du

140 2471 355 2544 Willermus
377 2486 413 2541 et
439 2471 558 2543 omnis
581 2472 756 2543 exercitus
782 2470 947 2571 precibus
974 2491 1014 2547 et
1039 2475 1207 2550 (lonicae

139 2589 233 2661 rotis
247 2590 322 2660 lleo
332 2614 368 2659 sc
378 2585 734 2675 commendaverunt,
750 2603 786 2661 et
795 2592 1049 2688 corpussancti
1061 2592 1206 2667 Galerici

140 2704 365 2780 confessoris'
377 2702 512 2782 Christi
532 2730 602 2804 pro
621 2705 779 2778 secundo
803 2706 890 2778 llatu
906 2722 1007 2780 extra
1031 2708 1207 2785 basilicam

139 2822 361 2897 detulerunt.
390 2821 554 2921 Denique
575 2821 660 2894 dum
687 2850 838 2923 prosper
854 2840 985 2897 rentna
1007 2829 1207 2905 multotum
1238 2828 1242 2845 '

140 2943 234 3015 votis
246 2956 389 3040 optatus
406 2940 482 3012 Deo
499 2937 642 3012 volente
655 2938 777 3014 subito
788 2942 954 3041 spiravit,
970 2946 1148 3043 protinua
1159 2974 1207 3019 ar·
1238 2952 1242 3019 .'

137 3060 226 3132 dens
247 3056 467 3131 vehementia
484 3056 584 3127 ducis
608 3084 734 3130 omnes
752 3058 796 3130 ad
812 3086 949 3159 puppes
972 3066 1205 3151 convocarit,
1239 3058 1242 3091 ¹

141 3194 177 3254 et
202 3176 385 3275 navigium
412 3172 565 3247 viriliter
589 3174 681 3246 inire
710 3176 911 3275 imperarit.
941 3176 1207 3255 Normannieua

141 3298 261 3397 itaque
278 3293 454 3367 exercitus
470 3304 532 3363 111⁰
551 3291 621 3362 kal.
642 3292 804 3367 octobris
823 3320 921 3367 mare
939 3298 1204 3381 transfretavit,

142 3426 248 3488 nocte
262 3435 331 3511 qua
358 3407 568 3482 memoriam
585 3408 696 3480 sancti
721 3407 901 3482 Michaelis
923 3408 1132 3515 archangeli
1149 3442 1207 3487 m·

139 3635 766 3648 --——--—-—--—-—-———..

175 3774 185 3839 (
191 3774 214 3840 t)
233 3772 270 3824 la
281 3768 392 3823 bataille
404 3768 440 3823 de
452 3765 706 3839 Stamlurtlbridge,
724 3769 793 3824 dana
806 3769 924 3844 laquelle
934 3771 1064 3844 perirent
1076 3773 1105 3829 le
1117 3776 1158 3831 roi
1176 3775 1210 3829 ἁ

141 3860 278 3929 Norwi·g‹·
294 3858 438 3919 et'l’oatie,
454 3856 497 3909 lut
507 3856 591 3909 liert-e
605 3857 630 3911 le
640 3856 673 3911 usi
682 3860 847 3933 septembre.
864 3858 921 3915 Flle
932 3863 1003 3916 avait
1017 3866 1063 3917 eli·
1076 3864 1209 3939 prnidee

138 3950 204 4021 cinq
219 3948 298 4019 jours
316 3956 481 4018 auparavant
494 3944 578 4001 ‹l'nne
596 3959 675 4003 autre
689 3948 798 4005 hataille
813 3954 827 4003 a
842 3949 1064 4019 tetford-Gan,
1084 3953 1155 4009 dana
1171 3954 1208 4007 la-

140 4037 231 4112 quelle
248 4034 286 4088 les
299 4052 468 4105 aginanum,
483 4035 544 4107 deja
558 4039 668 4095 maltres
680 4039 715 4095 de
728 4041 751 4095 la
761 4039 825 4095 ville
836 4040 938 4095 d’l'orlt
951 4052 981 4099 et
993 4042 1033 4097 ‹lu
1051 4062 1123 4119 pays
1134 4046 1210 4101 nn-

140 4138 273 4191 ronuant,
292 4127 398 4181 avaient
412 4127 490 4181 hattu
503 4125 542 4181 lea
554 4141 657 4185 comtes
672 4131 769 4186 Falarin
787 4142 815 4185 et
830 4132 948 4189 llorear.

177 4239 215 4311 (a)
233 4237 621 4296 &ructabunt-Somnio.
