2768 5094
297 367 355 425 176
572 364 755 427 uuroma
777 364 1081 428 accamrurrca.
1266 372 1350 448 [rau

343 484 440 556 Dum
456 484 605 583 plurimi
623 484 911 586 Anglorum'pro
921 488 1045 558 amissa
1064 485 1239 562 libertate
1254 489 1350 588 pn‘t‘

293 627 489 702 na,quan1
515 619 675 700 repetere
697 602 955 703 peroptabant,
983 603 1289 679 machinarentur
1308 632 1350 681 ro

291 718 486 793 bellionem
496 772 507 806 ,
534 718 640 791 multi
671 745 714 793 ex
739 718 862 794 eadem
876 731 984 819 gente
1008 718 1162 793 fuerunt
1190 722 1276 796 Deo
1294 748 1350 796 ιω

291 853 414 910 rantes
425 834 546 932 fidem,
558 853 595 910 et
605 839 843 910 constitutum
855 834 900 909 ab
910 839 987 939 ipso
997 853 1212 914 venerantes
1223 862 1349 941 ψ,

289 970 472 1054 praecepto
486 956 584 1028 enim
595 954 747 1053 apostoli
761 953 931 1028 dicentis:
943 956 1062 1027 Deum
1075 958 1211 1046 timete,
1228 955 1350 1056 Regu

288 1070 521 1164 bonorficate
538 1072 607 1166 (a).
624 1070 725 1143 Coro
740 1071 860 1170 itaque
876 1095 996 1142 comes
1012 1071 1176 1169 prosapia
1188 1086 1228 1144 ct
1239 1087 1349 1170 poma

289 1204 367 1259 tatu
385 1189 480 1259 inter
491 1185 627 1285 Anglos
639 1186 851 1284 praecelsus,
867 1188 1051 1287 animique
1067 1188 1182 1286 magis
1200 1187 1349 1289 singula·

289 1307 395 1377 ritate
410 1303 598 1404 prudentis
613 1319 651 1376 et
673 1305 828 1379 omnino
844 1304 986 1379 honesti
1007 1302 1349 1405 praecipuus,2Gnii

289 1421 397 1513 lelmo
423 1421 498 1521 regi
530 1419 683 1494 fideliter
711 1419 873 1513 favebat,
897 1437 936 1497 et
965 1425 1041 1520 ejus
1068 1448 1213 1494 causam
1244 1423 1379 1577 muita!

287 1536 410 1611 favore
424 1533 613 1636 probabat.
633 1536 809 1611 Satellites
823 1563 911 1612 vero
927 1538 980 1611 sui
996 1537 1042 1611 ab
1056 1565 1099 1613 eo
1115 1537 1348 1631 dissidebant,
1373 1590 1380 1699 1

287 1655 371 1756 quia
395 1654 595 1727 factionum
610 1653 796 1729 deterrimi
815 1653 974 1730 fautores
994 1682 1034 1727 ac
1051 1656 1138 1729 socii
1156 1671 1280 1729 erant.
1295 1654 1350 1728 lii-

287 1774 396 1846 versis
417 1773 528 1875 igitur
545 1772 660 1846 modis
680 1797 764 1845 eum
783 1770 1019 1872 appetebant,
1042 1788 1080 1846 et
1094 1771 1269 1871 precibus
1288 1772 1350 1846 mi·

287 1892 415 1992 niaque
439 1917 481 1964 ae
507 1887 810 1965 obtestationibus
836 1888 1071 1979 invadebant,
1098 1906 1141 1961 ut
1165 1906 1348 1963 extrauw

286 2006 482 2097 desereret,
501 2023 539 2080 et
555 2005 738 2081 bonorum
756 2006 947 2079 bominum
960 2032 1035 2079 suoe
1049 2007 1211 2079 nationis
1224 2021 1263 2079 et
1275 2030 1349 2079 eoo

285 2123 533 2222 sanguinitatis
555 2123 733 2198 voluntati
752 2120 1025 2197 obsecundaret.
1043 2121 1113 2197 Sed
1136 2120 1228 2194 dum
1255 2146 1349 2196 ment

285 2241 322 2312 in
342 2254 467 2313 tenore
485 2236 573 2312 boni
600 2237 755 2312 firmiter
772 2237 842 2313 fixa
858 2264 936 2313 non
952 2254 1073 2338 posset
1099 2264 1119 2310 a
1136 2236 1349 2311 rectitudine

282 2356 476 2446 dimoveri,
506 2357 694 2429 concitatis
718 2372 844 2431 eontra
875 2382 960 2431 eum
987 2352 1348 2455 comprovincialibus

282 2499 347 2572 per
372 2470 515 2546 insidias
532 2473 668 2546 occisus
685 2489 740 2546 est
758 2498 827 2571 pro
852 2474 1057 2575 integritate
1081 2472 1164 2546 fidei
1189 2473 1267 2571 (a).
1294 2472 1348 2544 Sic

281 2590 431 2664 asseruit
447 2615 530 2662 casu
553 2615 619 2663 suo
638 2591 695 2661 vir
718 2590 893 2682 eximius,
912 2590 1010 2691 quod
1028 2593 1190 2688 nujestas
1211 2588 1348 2665 domini

280 2706 335 2777 aui
356 2731 496 2806 semper
512 2731 591 2778 cara
605 2704 733 2779 debeat
750 2732 824 2780 esae
840 2704 1008 2806 subjectis
1023 2704 1203 2780 fidelibus.

328 2826 435 2898 Tunc
448 2822 645 2899 Adelredus
656 2826 789 2925 primas
807 2823 1065 2912 Eboracensis,
1078 2824 1214 2927 aliique
1229 2825 1348 2925 ponti·

256 2943 361 3015 ‘tices
386 2941 532 3043 quidam
552 2941 699 3014 utilitati
726 2943 834 3042 regiae
862 2938 1075 3030 studebant,
1099 2941 1186 3041 quia
1202 2941 1347 3040 sapien·

161 3100 185 3142 0
277 3057 323 3128 tis
336 3058 520 3130 monitum
536 3057 707 3144 scientes,
720 3057 881 3156 aequitati
895 3051 1209 3154 obtemperabant.
1228 3055 1342 3143 ttae,

253 3420 386 3487 &intete'
397 3430 422 3485 le
439 3427 469 3484 13
478 3431 544 3485 notit
560 3427 635 3494 1113,
647 3429 724 3483 n‘eut
733 3427 855 3483 d'autres
866 3428 975 3482 catana
983 3445 1039 3501 que
1047 3425 1186 3483 Godetmi
1198 3425 1235 3482 de
1245 3426 1335 3481 nuu-

271 3521 317 3575 ion
327 3519 487 3588 ,Eustachii
502 3516 594 3573 {wat
611 3517 754 3572 Bandouin
773 3518 816 3582 10',
832 3518 873 3571 roi
892 3516 927 3572 de
940 3515 1094 3571 Jerusalem
1108 3517 1190 3589 spada
1202 3533 1254 3571 tou
1267 3514 1336 3570 tren

248 3612 340 3666 eaiue'.

304 3703 370 3801 (ιῌ
384 3701 458 3754 Petr.
474 3719 508 3763 ιι,
527 3717 566 3774 ¹7·

303 3792 342 3858 (a)
360 3790 399 3844 Cc
419 3794 542 3851 meantia
559 3788 603 3842 fut
616 3793 773 3843 consonante
790 3792 804 3841 a
822 3788 964 3843 Newburn
984 3804 1044 3841 vera
1056 3786 1083 3841 le
1097 3785 1195 3841 miiien
1210 3786 1248 3843 de
1265 3804 1337 3842 m

209 3852 257 3946 ’.ὃς
273 3877 354 3941 totid,
370 3898 423 3950 par⁴
432 3878 528 3945 Oculi,
551 3877 746 3951 patueoeaaeur
760 3878 795 3933 de
808 3879 892 3952 sepsi
906 3879 974 3932 dans
987 3896 1036 3932 son
1058 3888 1286 3949 gouretuement.
1297 3878 1337 3934 (Δ

257 3953 388 4031 dernier,
404 3970 510 4040 surpris
524 3972 538 4021 a
551 3967 741 4038 l'irnproviate‚
760 3986 788 4023 ae
806 3967 913 4039 refugia
926 3967 993 4022 dans
1011 3985 1065 4022 une
1080 3966 1177 4039 eglise.
1188 3966 1237 4024 On
1255 3969 1335 4040 μὴ

267 4057 293 4199 :a
302 4057 363 4154 sep,
377 4067 451 4199 etrpie
464 4058 506 4111 [ut
517 4057 611 4131 quand
624 4058 643 4111 ii
656 4061 737 4112 aaran
751 4078 822 4131 pour
832 4078 859 4112 ae
872 4058 991 4113 derober
1003 4077 1056 4112 aux
1066 4060 1191 4113 {hasmet
1203 4058 1337 4134 qu’Onii

277 4161 293 4198 e
306 4163 405 4217 porgna
442 4166 465 4198 a.
