2768 5094
974 188 992 225 a.

275 272 317 331 96
557 269 741 331 HISTORIA
762 270 1073 336 eccttstastlct
1151 279 1337 359 [lotii-lm,

279 390 518 490 responsoriis
527 443 537 479 ,
553 389 717 490 perfecit.
733 391 825 464 Nam
842 390 886 463 ad
899 417 1061 492 vesperas
1074 420 1192 494 super
1208 399 1337 498 psalm

279 521 438 606 quatuor
450 505 666 606 antiphonas
683 505 863 596 condidit,
884 524 921 581 et
939 508 977 581 in
996 509 1161 586 secundo
1175 530 1338 588 noctuam

280 639 352 698 tres
373 625 517 697 ultimas
539 625 686 724 adjecit,
704 639 876 726 quartum
898 625 1007 699 etiam
1026 630 1339 729 responsoriumst

278 758 447 815 octavum
466 758 504 817 et
525 742 799 829 duodecimum,
823 758 860 815 et
876 740 1114 842 antiphonam
1140 744 1189 817 ad
1208 749 1338 833 cantio,

279 860 384 932 etad
413 858 583 933 secundas
605 884 767 959 vesperas
801 857 845 930 ad
875 859 1057 932 canticum
1085 861 1132 936 de
1159 858 1340 963 Evangato

277 974 558 1074 pulcherrimam
597 974 835 1075 antiphonam
867 973 992 1050 edidit.
1025 979 1148 1077 Ipsam
1184 979 1343 1052 nimirua

280 1090 468 1166 historiam
487 1091 665 1166 arnulfus
681 1106 809 1165 cantor
825 1093 1074 1183 Carnotensis,
1095 1093 1270 1170 Fuiberti
1288 1097 1343 1196 epi

279 1210 379 1310 scopi
397 1209 611 1310 discipulus,
634 1208 831 1285 seeundum
858 1236 964 1282 usum
990 1211 1217 1286 clericorum
1233 1229 1344 1314 rogata

280 1326 453 1402 liodberti
474 1326 613 1400 abbatis
634 1330 709 1425 jam
735 1326 914 1414 ediderat,
934 1343 973 1401 et
993 1326 1137 1401 duobus
1160 1330 1345 1429 juvenibus

279 1443 466 1519 monachis
483 1443 647 1518 Huberto
668 1460 704 1517 et
719 1442 880 1517 Rodulfo
900 1469 920 1515 a
941 1441 1118 1543 praedicto
1139 1460 1251 1545 patre
1272 1446 1345 1518 sar

279 1578 408 1636 notum
440 1562 555 1634 missis
594 1561 762 1658 primitus
794 1576 1012 1634 cantaverat.
1052 1561 1175 1636 Porro
1211 1563 1346 1637 Rainsl-

278 1677 346 1749 dus
371 1676 498 1749 Calvus
522 1675 793 1775 responsorium
818 1675 862 1748 ad
887 1675 1027 1750 laudem
1051 1677 1236 1770 Domini,
1259 1679 1345 1781 qnod

278 1792 322 1866 ad
349 1819 509 1894 vesperas
539 1793 698 1884 canitur,
725 1807 763 1865 et
797 1808 934 1892 septem
962 1792 1185 1895 antiphonas
1220 1796 1344 1885 edidit,

277 1936 362 2011 quae
376 1911 414 1983 in
427 1909 659 1985 Uticensibus
670 1907 933 2009 antiphonariis
945 1910 1089 2009 scriptae
1103 1914 1344 2011 reperiuntur.

277 2027 442 2128 Hymnos
466 2052 612 2127 quoque
634 2026 754 2125 plures
771 2023 816 2098 de
837 2023 962 2099 eodem
984 2040 1086 2124 patre
1107 2027 1292 2126 Rogerius
1310 2026 1346 2100 ds

277 2143 417 2244 Sappo,
435 2143 567 2244 aliique
582 2143 731 2216 studiosi
748 2141 878 2215 fratres
895 2168 939 2216 ex
953 2141 1149 2218 devotione
1165 2146 1229 2243 pia
1240 2143 1346 2219 dicta·

276 2275 428 2352 verunt,
449 2261 592 2360 suisque
609 2260 762 2359 posteris
780 2260 815 2331 in
832 2257 1053 2333 bibliotheca
1068 2260 1236 2336 Uticensi
1251 2289 1346 2338 oom-

278 2373 552 2448 mendaverunt.

310 2491 445 2564 -Nimia
465 2490 707 2566 sollieitudine
724 2493 852 2564 anxius
868 2492 1050 2567 Osbernus
1069 2491 1180 2568 abbas
1199 2512 1345 2596 propter

276 2609 514 2710 apostolicum
540 2608 747 2699 anathema,
778 2612 835 2683 cui
865 2626 1009 2686 coactus
1036 2627 1114 2686 erat
1140 2611 1342 2714 subjaceas,

277 2726 430 2802 consilio
444 2727 648 2825 sapientum
662 2725 824 2800 decrevit
839 2727 996 2828 legatum
1014 2728 1167 2801 Romam
1183 2730 1342 2820 mittere,

277 2860 315 2918 et
330 2844 537 2943 apostolicae
552 2845 642 2918 sedis
658 2843 948 2919 benedictionem
964 2843 1153 2919 humiliter
1164 2863 1341 2948 expetere.

276 2960 498 3034 Witmundo
523 2962 643 3062 itaque
668 2961 818 3060 sapienti
844 2961 1021 3035 monacho
1043 2962 1223 3061 supplices
1243 2966 1343 3063 jussit
1374 2944 1380 3043 i

275 3076 412 3150 litteras
428 3074 577 3164 dictare,
596 3090 632 3150 et
651 3073 834 3150 bernardo
845 3079 969 3175 juveni
987 3094 1237 3177 cognomento
1250 3079 1341 3152 Mat·

276 3192 374 3268 tbaeo
392 3191 507 3268 nohiii
529 3194 735 3294 antiquario
757 3191 950 3295 diligenter
974 3195 1191 3294 scriptitare.
1211 3197 1341 3271 Teutas

273 3328 394 3388 autem
412 3313 572 3414 epistolae
590 3312 792 3412 hujusmodi
810 3327 876 3387 est.

323 3431 484 3504 Domino
498 3430 701 3531 apostolico
717 3431 933 3504 Alexandro
946 3431 962 3529 (
969 3432 1003 3529 a)
1014 3433 1098 3503 vice
1112 3428 1210 3502 beati
1225 3431 1338 3517 Petri,
1378 3464 1381 3471 ·

274 3550 384 3621 totius
397 3547 495 3620 orbis
505 3549 610 3649 patri
619 3546 935 3637 excellentissimo,
948 3547 1101 3646 quidam
1114 3544 1341 3647 obboslougc
1376 3568 1383 3667 Ι

268 3667 415 3766 positus
440 3667 584 3736 nomine
608 3663 789 3738 Osbemus
813 3665 970 3739 coenobii
987 3664 1117 3737 Sancti
1137 3664 1288 3766 Ebrnfi
1306 3667 1340 3736 ia

274 3782 527 3855 Nonnunnico
544 3785 702 3883 patria:
731 3783 882 3857 salutem
908 3810 1052 3871 veram,
1084 3781 1339 3885 subjectionem

307 4039 347 4108 (a)
357 4034 514 4093 Menandre
527 4037 554 4091 11
565 4039 573 4106 ί
583 4034 616 4092 30
632 4038 788 4111 septembre
802 4036 914 4092 roda-at
930 4035 997 4090 arrii
1012 4031 1102 4109 1073).
