2768 5094
144 403 243 480 ron]
508 400 832 481 uruenoururus.
1146 411 1204 475 sn

144 516 299 610 ditum,
332 523 369 595 in
399 521 541 597 leminis
570 522 671 625 cupri
701 522 831 600 litteris
859 527 974 601 aureis
1001 528 1052 600 sie
1080 553 1206 604 exare-

144 660 213 712 um
235 654 306 714 eti.

279 806 333 864 iiie
342 807 417 880 jsoet
428 807 513 884 Rogo
526 808 699 867 lexoviensis
710 811 801 868 clerus
817 811 923 870 honore

278 897 472 968 Pontificum,
488 894 680 978 nobiliaque
693 901 830 977 sunguine
839 912 960 978 nuum.

279 987 414 1045 Pnditus
422 989 498 1046 idem
509 1001 654 1048 summu
666 1008 778 1049 morum
791 1011 849 1050 noo
860 994 920 1051 eine
932 994 999 1051 bino

280 1079 396 1135 uasere
407 1097 517 1149 sensus,
533 1080 669 1157 religione
681 1081 888 1158 glorificandus.

279 1165 426 1222 Tnusitus
438 1167 498 1240 ejus
511 1187 577 1243 rege
590 1167 737 1246 Philippo,
753 1180 814 1226 tum
826 1169 976 1229 Giiielmus

279 1251 337 1309 Res
350 1265 410 1311 eret
423 1256 546 1329 Argius,
562 1256 624 1314 tuos
639 1260 766 1334 sequemi
779 1258 902 1315 Phoebus
915 1257 996 1315 inivit

279 1342 487 1418 sigalam,
501 1345 551 1402 det
563 1346 692 1403 Dmsisti
706 1347 806 1422 gsudis
819 1348 890 1405 omli
901 1350 1001 1405 Amen.

183 1497 243 1572 nd
259 1500 457 1600 regendum
471 1503 732 1578 Luxoviensem
742 1493 976 1604 presulatum
989 1499 1213 1581 Gisiebertus

142 1633 386 1715 roguomento
401 1619 643 1708 Mominotus,
662 1620 755 1721 regis
768 1620 946 1695 archiater
961 1636 999 1693 et
1011 1620 1213 1722 ospellonus

142 1730 273 1807 eiectus
299 1750 376 1827 est,
399 1750 436 1810 et
459 1734 480 1809 is
503 1735 677 1811 Michaele
700 1735 952 1812 Abrincatensi
976 1737 1147 1839 episeopo
1174 1736 1212 1812 in

141 1852 328 1951 proesentis
343 1852 469 1930 domni
486 1853 662 1929 Johonuis
674 1853 934 1956 archiepisoopi
958 1856 1038 1956 (qui
1051 1857 1148 1955 jam,
1172 1869 1213 1928 ut

141 1964 314 2057 diximus,
334 1968 588 2070 obmutuerat)
607 1986 836 2046 consecratus
856 1987 923 2046 est.
946 1971 1012 2044 Hic
1027 1970 1122 2045 filius
1138 1972 1213 2045 Ro-

141 2083 232 2160 berti
250 2086 296 2161 de
307 2085 527 2188 Curvaspino
540 2089 595 2186 (ι)
606 2089 745 2163 strenui
759 2088 885 2162 militis
898 2087 984 2181 fuit,
1000 2111 1094 2160 xxm
1106 2084 1213 2160 nonis

140 2204 386 2306 episcopatum
401 2206 539 2299 tenuit,
553 2221 591 2281 et
602 2204 771 2282 Eociesiae
785 2233 842 2281 res
853 2219 1023 2306 potenter
1033 2201 1208 2280 obtinuit.

140 2317 237 2394 Artis
261 2318 452 2396 medicine
468 2320 705 2421 peritissimus
722 2337 820 2411 erut,
839 2320 899 2396 sed
921 2319 1152 2421 semetipsum
1172 2317 1211 2393 in

140 2433 352 2536 pontifiostu
381 2464 569 2540 nunqtum
596 2437 679 2512 sotis
708 2465 835 2513 curare
862 2452 1018 2538 poterut.
1053 2436 1210 2511 Scientio

140 2551 343 2628 littenrum
359 2569 397 2628 et
413 2553 579 2629 facundia
594 2553 776 2656 pollebat,
794 2553 931 2628 divitiis
947 2568 985 2628 et
996 2552 1134 2628 deliciis
1148 2550 1209 2627 iu·

140 2668 343 2746 desinenter
358 2667 543 2760 effluebat,
563 2672 724 2773 proprius
738 2670 917 2747 voluntati
934 2686 972 2745 et
982 2668 1099 2745 ournis
1111 2695 1210 2745 curte

139 2784 247 2859 nimis
258 2781 449 2861 serviebat.
466 2786 552 2863 0tio
566 2801 604 2861 et
618 2786 731 2888 quieti
750 2787 886 2861 offatim
903 2782 1088 2876 studebat,
1102 2784 1212 2858 ludis·

139 2929 208 3006 que
220 2902 380 2978 uteorum
397 2920 434 2978 et
450 2918 665 2979 tesserarum
688 2902 903 3004 plerumque
923 2896 1145 3004 indulgebat.
1165 2902 1209 2975 ln

139 3017 237 3095 cultu
249 3021 489 3096 eeclesiastioo
500 3035 577 3096 erut
591 3021 694 3122 piger
704 3035 741 3095 et
754 3017 960 3121 negligens,
976 3016 1037 3092 sed
1048 3013 1093 3090 od
1105 3042 1210 3092 vens·

139 3152 216 3215 tum
226 3194 238 3231 ,
256 3141 452 3242 oviumque
470 3155 655 3242 nupturam
668 3156 861 3240 promptus
873 3155 910 3213 et
923 3137 1031 3211 nimis
1048 3132 1204 3211 fervens.

138 3252 376 3346 secularibus
394 3257 514 3358 itaque
529 3256 710 3332 exemitiis
724 3270 762 3331 et
779 3251 919 3328 actibus
935 3253 1036 3328 omni
1054 3252 1127 3325 rita
1143 3276 1207 3329 sus

138 3372 296 3460 inhesit,
309 3374 408 3448 etsie
421 3371 816 3476 usqueoddecrepitum
829 3385 972 3445 eutem
982 3370 1087 3442 vixit.
1101 3368 1207 3442 Plura

138 3489 181 3566 de
204 3488 345 3564 actibus
368 3494 445 3591 ejus
468 3488 626 3566 seribere
650 3514 817 3590 ροιιιιιιι,
844 3486 905 3562 sed
930 3485 1092 3587 reprimo
1114 3484 1208 3559 osis·

138 3633 257 3695 mum,
271 3607 354 3707 quis
366 3606 412 3679 ob
424 3607 502 3706 ipso
510 3604 555 3679 ad
565 3604 840 3680 subdieoouutus
849 3601 998 3703 gradum
1014 3627 1097 3674 cum
1110 3599 1205 3688 eliis,

138 3737 179 3795 ut
193 3725 343 3823 opinor,
361 3723 443 3823 pius
458 3749 567 3824 quam
586 3722 755 3797 trecentis
774 3735 966 3822 promotus
987 3743 1082 3793 sum.
1101 3716 1206 3794 Unde

138 3842 232 3915 sicut
243 3839 407 3941 quedam
420 3839 465 3915 de
481 3839 544 3915 ilio
558 3839 694 3940 protuii
711 3836 1026 3941 reprehensibilis,
1041 3838 1092 3911 sie
1104 3835 1207 3912 deoet

176 4174 213 4239 (1)
232 4171 426 4245 Οοιιιδὲρίιιι,
442 4171 625 4245 prestiterat.

1297 1022 1306 1039 ἱ
