2768 5094
282 361 343 419 ars
558 353 741 414 nrsronn
764 353 1072 417 ncctnsnsnci.
1186 358 1343 433 [sentin

280 477 465 549 nationem
490 476 608 573 gentis
633 500 706 546 suae
734 489 771 547 et
795 474 1039 574 principatum
1064 474 1290 575 populorum
1313 490 1344 545 et

280 592 591 668 conculcationem
609 591 865 677 inimicorum
886 605 923 664 et
942 590 1020 665 haec
1041 593 1164 666 omnia
1187 617 1267 664 non
1290 617 1344 661 ar-

278 738 424 785 morum
441 712 496 796 vi,
514 736 581 783 nec
594 709 767 783 effusione
784 710 986 810 sanguinis,
1006 709 1067 783 sed
1081 709 1127 783 de
1146 735 1262 781 manu
1275 710 1345 782 llo-

279 829 370 901 mini
399 825 621 899 habiturum.
647 829 703 898 Eo
728 841 857 898 cuncta
884 827 1012 900 ordine
1038 827 1218 926 completa
1246 842 1343 911 sunt,

279 973 355 1048 quo
378 974 397 1017 a
418 946 499 1020 viro
525 947 587 1018 nei
613 946 802 1018 vaticinata
826 961 925 1016 sunt.
953 945 1045 1017 Nam
1068 944 1267 1020 Geolmdus
1289 971 1345 1017 m

279 1079 445 1135 mortuus
467 1077 541 1151 est,
564 1088 605 1134 ac
627 1060 840 1135 Edelbaldus
862 1088 1016 1161 regnum
1039 1067 1114 1161 ejus
1134 1079 1265 1135 nactus
1284 1077 1344 1135 est.

328 1178 526 1279 Completis
550 1180 587 1252 in
611 1205 733 1252 eremo
751 1203 799 1250 xv
820 1177 943 1267 anuis,
967 1178 1183 1253 venerabilis
1200 1178 1348 1252 Guthla-

279 1324 341 1369 cus
357 1314 441 1369 ante
464 1294 595 1369 Pascha
616 1310 743 1396 quarta
758 1294 847 1369 feria
865 1310 1040 1395 aegrotare
1059 1296 1197 1395 coepit;
1218 1295 1279 1370 dic
1298 1312 1349 1367 ta-

279 1439 362 1486 men
381 1409 524 1484 Paschae
540 1426 667 1482 contra
685 1411 778 1483 vires
797 1437 1007 1512 exsurgens,
1023 1412 1166 1484 missam
1181 1414 1347 1485 cantavit.

276 1531 438 1631 Septima
455 1554 542 1602 vero
558 1528 617 1602 die
635 1527 854 1601 infirmitatis
873 1530 997 1603 Beccel
1016 1528 1155 1605 famulo
1169 1555 1239 1604 suo
1249 1531 1350 1631 jussit

280 1666 319 1721 ut
336 1665 420 1749 post
436 1645 579 1719 obitum
596 1672 702 1718 suum
715 1652 841 1746 Pegam
859 1672 1023 1721 sororem
1035 1673 1137 1719 suam
1150 1647 1240 1720 illuc
1254 1646 1350 1721 adse

280 1767 360 1838 nire
378 1765 531 1850 laceret,
553 1779 589 1836 et
605 1763 651 1835 ab
671 1763 730 1835 illa
750 1789 882 1864 corpus
905 1769 985 1863 ejus
1000 1763 1152 1840 sindone
1171 1765 1210 1838 in
1229 1790 1348 1838 saron-

278 1882 412 1983 phago,
424 1909 531 1982 quam
550 1879 698 1982 Egburg
716 1881 768 1953 illi
784 1883 949 1974 miserat,
965 1882 1224 1957 involveretur.
1247 1885 1348 1955 Tunc

281 2000 342 2073 ille
364 2000 478 2099 coepit
498 1999 618 2073 virum
637 1997 700 2071 nei
719 2024 802 2070 cum
818 1999 1041 2098 adjuratione
1058 2024 1189 2100 rogare
1205 2014 1249 2072 ut
1270 2016 1349 2073 ante

281 2144 387 2190 suum
399 2117 508 2189 sunus
519 2115 586 2188 sibi
602 2117 787 2189 intimaret
798 2117 878 2217 quis
890 2144 975 2190 cum
985 2143 1029 2191 eo
1039 2144 1145 2192 mane
1155 2133 1193 2192 et
1205 2145 1349 2218 vespere

281 2224 913 2336 loquiquotidieaudiebatu1·.Almus
924 2227 986 2308 Dei
995 2234 1141 2323 athleta,
1153 2235 1351 2337 postmodi-

283 2379 367 2424 cum
382 2351 624 2437 intervallum,
639 2350 808 2425 anhelans
818 2352 886 2422 ait:
899 2352 978 2424 Fili
986 2355 1056 2442 mi,
1068 2352 1198 2425 deltae
1209 2353 1353 2426 mott-

283 2477 392 2544 citari
405 2471 493 2547 noli.
515 2469 629 2567 Quod
641 2471 764 2542 ur'vsns
780 2469 1044 2543 ulliltominum
1056 2469 1349 2557 indicarenohu',

283 2615 381 2661 nnnc
398 2588 466 2658 tibi
479 2586 739 2681 manifestabo.
762 2589 800 2658 A
816 2588 979 2660 secundo
998 2581 1264 2672 etenim‘anrw,
1283 2615 1352 2688 qun

284 2703 541 2775 lianceremum
550 2701 1351 2803 habitarecoeperam,manevespemquesem

280 2825 370 2922 per(
379 2821 414 2918 r)
427 2819 687 2893 consolationis
697 2845 787 2890 meae
795 2819 849 2892 ad
856 2819 1080 2919 colloquium
1093 2846 1214 2892 meum
1227 2822 1351 2894 Domi·

284 2966 353 3011 nus
366 2939 542 3027 mittebat,
557 2940 623 3037 qni
631 2937 724 3010 milti
732 2939 921 3034 mysteria,
936 2964 1019 3037 qnae
1031 2963 1105 3010 non
1119 2938 1205 3011 licet
1215 2938 1354 3012 ltonu'ni

284 3080 467 3142 enarrare,
482 3053 706 3126 monstrabat
713 3087 728 3138 ,·
740 3057 802 3151 qni
812 3053 988 3124 dnn'tiam
997 3052 1133 3126 laboris
1146 3055 1221 3126 mei
1230 3054 1353 3127 eoeles·

284 3172 379 3244 tibus
402 3170 563 3242 oraculis
585 3168 796 3241 sublevabat
803 3202 819 3253 ;
841 3170 907 3267 qui
928 3169 1094 3241 absentia
1118 3168 1212 3240 milti
1228 3197 1350 3242 neona-

284 3286 416 3359 trando
436 3266 474 3356 ut
490 3287 688 3384 praesentia
708 3283 967 3385 praesentabat.
989 3284 1021 3357 Ο
1035 3283 1122 3384 fili,
1147 3283 1229 3358 hoec
1251 3285 1351 3358 dt'cta

284 3426 566 3489 macomeria,
581 3401 745 3500 nullique
757 3401 824 3472 alii
836 3403 1056 3473 nuntiaveris
1067 3401 1144 3473 nisi
1153 3401 1274 3501 Psgoe
1289 3419 1351 3473 aut

284 3519 444 3616 Egberto
459 3515 697 3613 anachorita.
711 3516 773 3587 llis
786 3515 905 3605 dictis,
920 3516 1035 3587 suavis
1044 3514 1136 3588 odor
1143 3514 1190 3589 de
1199 3541 1266 3589 ore
1278 3518 1351 3614 ejus

284 3636 492 3736 processisse
506 3632 739 3718 sentiebatur,
760 3634 807 3704 ita
822 3648 863 3704 ut
879 3646 991 3704 totam
1003 3630 1154 3705 domum
1167 3648 1351 3706 nectareus

283 3753 375 3825 odor
388 3751 555 3849 repleret.
573 3750 688 3822 Nocte
701 3774 786 3821 vero
799 3752 977 3852 sequenti,
994 3749 1082 3823 dum
1096 3748 1271 3848 prael‘atus
1283 3750 1351 3823 sra-

318 4055 356 4120 (ι)
376 4053 489 4121 Α]οιιῐοῑ
504 4050 538 4102 iri
553 4048 577 4101 lc
589 4059 646 4101 mot
662 4073 665 4079 ·
683 4051 828 4118 angelum,
844 4067 899 4122 que
913 4060 994 4105 notre
1007 4059 1128 4104 auteura
1140 4048 1347 4106 oublikdomla

283 4144 478 4215 transcription
493 4139 527 4193 de
540 4158 570 4193 ce
585 4157 705 4211 passage.
