2768 5094
61 435 171 510 [roso]
440 432 556 494 uranu
579 434 757 496 rannus.
1096 444 1131 500 er

61 567 304 651 competunt,
333 553 523 651 vigilanter
549 555 803 628 exercendum.
837 562 950 630 l‘urro
983 576 1135 659 agrestes

64 669 214 757 incolae,
235 666 297 739 ubi
322 685 431 741 tantae
450 672 647 744 sanctitatis
663 673 821 744 studium
842 675 878 744 in
898 700 980 747 rure
998 676 1132 762 sterili,

62 787 224 888 olimque
240 786 303 859 diu
320 788 461 863 deserto
476 788 659 876 viderunt,
675 791 842 862 admirari
861 809 1066 890 coeperunt.
1086 796 1134 866 Et

63 901 146 977 inde
157 902 306 1004 quidam
322 904 490 992 salutem,
506 906 675 979 nonnulli
690 933 777 981 vero
789 906 1051 981 detrimentum
1063 909 1132 982 sibi

60 1035 307 1118 sumpserunt.
328 1018 419 1091 Nam
436 1018 583 1121 quidam
599 1047 729 1095 eorum
747 1024 1059 1097 conversationem
1076 1026 1132 1096 vi-

58 1135 186 1208 dentes
200 1161 262 1208 eos
279 1136 407 1208 imitati
422 1153 526 1224 sunt,
544 1155 581 1212 et
596 1140 656 1212 alii
676 1140 877 1214 invidentes
892 1141 1039 1214 diversis
1054 1168 1132 1217 mo·

61 1251 173 1324 lestiis
191 1252 342 1325 insecuti
360 1268 463 1342 suut;
486 1254 630 1353 utrique
651 1282 737 1330 vero
752 1254 913 1329 debitam
930 1237 1132 1332 mercedem

59 1367 268 1466 aequissimo
275 1369 396 1465 judice
410 1368 487 1442 Deo
499 1368 671 1444 reddente
685 1371 803 1470 adepti
818 1388 915 1445 suut.
931 1371 1079 1447 Nobiles
1094 1391 1132 1448 et

58 1481 467 1581 mediocresinspiraute
475 1484 551 1558 Deo
561 1485 645 1557 illuc
656 1487 903 1577 confluebant,
914 1506 950 1561 et
958 1491 1132 1564 orationi·

51 1597 127 1701 ,bus
140 1625 326 1673 serrorum
346 1600 409 1673 Dei
423 1627 496 1676 sese
508 1628 591 1673 cum
605 1602 798 1677 devotione
811 1604 1129 1697 commendabant,

56 1713 300 1813 exhibitisque
317 1712 501 1788 charitatis
516 1717 728 1790 muneribus
743 1719 878 1806 Deum,
895 1723 958 1817 qui
978 1721 1134 1796 famulos

57 1855 143 1905 suos
161 1830 197 1903 iu
217 1829 445 1905 infructuoso
462 1834 595 1932 cespite
612 1833 796 1933 pascebat,
816 1833 1091 1909 benedicebant.

108 1949 250 2021 bleritis
272 1950 390 2049 itaque
409 1952 521 2022 sancti
542 1953 653 2049 patris
672 1951 815 2024 Ebrulli
834 1952 993 2025 Uticensi
1015 1953 1129 2028 eccle-

56 2069 107 2138 sia
131 2082 302 2167 surgente
310 2121 320 2155 ,
342 2083 379 2142 et
401 2095 466 2167 per
487 2067 645 2139 studium
672 2067 905 2168 laboremque
922 2068 1128 2146 Geroiano·

54 2212 140 2256 rum
155 2184 199 2257 ad
218 2182 395 2259 bonorem
417 2185 477 2258 Dei
498 2185 657 2286 undique
674 2200 876 2271 crescente,
892 2187 1068 2285 Rogerius
1084 2186 1129 2262 dc

55 2302 350 2376 Monte-Gummi
367 2304 438 2398 (r),
457 2301 659 2374 Oximcusis
676 2301 889 2389 vicecomes,
909 2300 1129 2374 contribuli-

52 2418 122 2493 bus
136 2421 210 2493 suis
226 2420 341 2519 ooepit
358 2420 518 2492 invidere
532 2417 631 2519 qnod
647 2444 691 2492 eo
707 2419 787 2518 plus
806 2417 987 2492 ferverent
1008 2419 1044 2490 in
1062 2421 1127 2494 Dei

53 2560 201 2624 amore,
218 2551 256 2609 et
271 2536 425 2609 omniuo
442 2534 606 2608 delinivit
630 2537 723 2608 iutra
745 2561 781 2608 sc
804 2534 901 2636 quod
925 2561 993 2634 pro
1017 2536 1129 2609 salute

53 2654 186 2727 animes
203 2678 276 2726 suae
295 2653 428 2726 faceret
444 2679 537 2753 opus
559 2652 759 2726 consimile.
783 2652 885 2725 Unde
907 2654 1030 2725 aseivit
1047 2652 1127 2725 Gis·

54 2769 236 2845 leber-tum
249 2771 475 2845 Castellionis
489 2769 656 2845 abbatem
670 2772 727 2870 (a)
743 2797 825 2843 eum
840 2769 1025 2842 monachis
1039 2771 1125 2859 suis,

55 2892 116 2989 qui
135 2887 380 2963 monachilem
395 2887 490 2989 apud
508 2889 731 2963 Nuceretum
749 2889 915 2963 ordinem
934 2904 1056 2961 tenere
1071 2891 1126 2962 iu·

56 3006 295 3098 elicuerant,
314 3006 374 3079 sed
392 3022 532 3080 mutato
551 3008 704 3081 consilio
723 3008 884 3105 llugonis
901 3023 937 3080 et
958 3005 1124 3080 llotberti

71 3123 164 3194 sicut
181 3148 287 3221 supm
304 3121 510 3219 retulimus)
527 3149 652 3196 eorum
670 3122 760 3196 velle
782 3123 882 3222 sequi
909 3122 1122 3208 noluerant,

59 3240 170 3311 immo
197 3264 267 3337 pio
295 3239 547 3312 immutatione
574 3239 858 3313 constructionis
886 3263 946 3311 eos
973 3237 1125 3310 levitatis

57 3371 245 3455 arguentes
259 3355 493 3456 reliquerant.
511 3358 610 3449 Quos
627 3356 799 3455 praelatus
816 3355 990 3454 Rogerius
1008 3380 1125 3428 aecer·

56 3477 133 3561 siit,
156 3475 279 3575 eisque
303 3473 346 3546 ad
371 3474 621 3547 aedificandum
641 3470 821 3543 abbatiam
839 3474 1047 3545 Troaruum
1068 3471 1127 3569 (3)

87 3674 126 3742 {vj
149 3668 244 3741 lloger
265 3671 290 3725 ll
304 3671 340 3726 de
354 3672 587 3743 lloutgomuuui,
607 3672 656 3745 qui
672 3689 721 3743 par
736 3689 784 3723 sou
798 3672 919 3741 urariagc
931 3688 995 3723 avec
1008 3667 1123 3736 stabile,

56 3762 108 3815 tue
129 3759 165 3814 dt
178 3760 341 3816 liuillaume
359 3761 472 3823 Tali-ss.
496 3760 585 3815 turrita
607 3759 656 3815 dcs
679 3762 826 3815 immenses
844 3760 986 3815 domaiues
999 3757 1035 3815 ‹le
1052 3770 1125 3815 nette

55 3850 165 3904 baille.

88 3942 126 4007 ἰ)
149 3937 263 3993 Grlbert
282 3939 324 4002 l''‚
341 3938 411 3993 abbe
424 3939 459 3995 de
471 3939 612 4002 Couelies,
636 3942 703 3994 sorti
721 3939 756 3993 de
775 3939 897 4011 l'abbavc
914 3937 950 3994 «le
964 3940 1082 4013 Fruamp
1095 3952 1122 3993 ct

54 4050 100 4099 με
122 4041 295 4103 consument
319 4030 374 4083 l'un
399 4029 447 4083 ‹lcs
475 4029 603 4103 ‹liscqilrs
624 4030 662 4084 «lu
689 4030 879 4085 luculicnreua
903 4030 1063 4084 Guillaurne
1089 4029 1124 4080 dr

55 4123 86 4173 ln
109 4141 136 4175 nu

86 4144 120 4277 ii,
131 4212 172 4266 ck
185 4213 228 4267 lut
240 4230 276 4265 cu
290 4209 355 4266 auio
366 4229 419 4284 qur
431 4211 521 4284 lluger
535 4211 569 4266 dc
583 4211 798 4282 llontgnmmeri
810 4209 947 4266 substitus
956 4207 1004 4263 dea
1018 4226 1124 4261 martir«
