<?xml version="1.0" encoding="UTF-8"?>
<!DOCTYPE html PUBLIC "-//W3C//DTD XHTML 1.0 Transitional//EN"
    "http://www.w3.org/TR/xhtml1/DTD/xhtml1-transitional.dtd">
<html xmlns="http://www.w3.org/1999/xhtml" xml:lang="en" lang="en">
 <head>
  <title>
</title>
<meta http-equiv="Content-Type" content="text/html;charset=utf-8" />
  <meta name='ocr-system' content='tesseract 3.04.00' />
  <meta name='ocr-capabilities' content='ocr_page ocr_carea ocr_par ocr_line ocrx_word'/>
</head>
<body>
  <div class='ocr_page' id='page_1' title='image "./ordericivitalis06deligoog/ordericivitalis06deligoog_0419.png"; bbox 0 0 2768 5094; ppageno 0'>
   <div class='ocr_carea' id='block_1_1' title="bbox 327 298 1381 383">
    <p class='ocr_par' dir='ltr' id='par_1_1' title="bbox 327 298 1381 383">
     <span class='ocr_line' id='line_1_1' title="bbox 327 298 1381 383; baseline 0.007 -25"><span class='ocrx_word' id='word_1_1' title='bbox 327 300 386 360; x_wconf 74' lang='lat'><strong><em>384</em></strong></span> <span class='ocrx_word' id='word_1_2' title='bbox 601 298 783 359; x_wconf 73' lang='lat' dir='ltr'><strong>HISTORIA</strong></span> <span class='ocrx_word' id='word_1_3' title='bbox 807 298 1109 361; x_wconf 74' lang='lat' dir='ltr'>ECCLESIASTICA.</span> <span class='ocrx_word' id='word_1_4' title='bbox 1188 304 1356 383; x_wconf 69' lang='lat' dir='ltr'><strong><em>[tow-tat}</em></strong></span> <span class='ocrx_word' id='word_1_5' title='bbox 1375 340 1381 351; x_wconf 90' lang='lat'><strong>·</strong></span> 
     </span>
    </p>
   </div>
   <div class='ocr_carea' id='block_1_2' title="bbox 314 418 1384 4136">
    <p class='ocr_par' dir='ltr' id='par_1_2' title="bbox 329 418 1357 518">
     <span class='ocr_line' id='line_1_2' title="bbox 329 418 1357 518; baseline 0.005 -31"><span class='ocrx_word' id='word_1_6' title='bbox 329 421 367 488; x_wconf 87' lang='lat' dir='ltr'><strong><em>in</em></strong></span> <span class='ocrx_word' id='word_1_7' title='bbox 389 434 498 517; x_wconf 91' lang='lat' dir='ltr'><strong><em>prato</em></strong></span> <span class='ocrx_word' id='word_1_8' title='bbox 522 434 732 517; x_wconf 90' lang='lat' dir='ltr'><strong><em>pascentem</em></strong></span> <span class='ocrx_word' id='word_1_9' title='bbox 749 420 1038 514; x_wconf 76' lang='lat' dir='ltr'><strong><em>ferocissimum.</em></strong></span> <span class='ocrx_word' id='word_1_10' title='bbox 1072 418 1244 518; x_wconf 81' lang='lat' dir='ltr'><strong><em>Undique</em></strong></span> <span class='ocrx_word' id='word_1_11' title='bbox 1270 421 1357 493; x_wconf 80' lang='lat' dir='ltr'><strong><em>stuba</em></strong></span> 
     </span>
    </p>

    <p class='ocr_par' dir='ltr' id='par_1_3' title="bbox 328 532 1359 637">
     <span class='ocr_line' id='line_1_3' title="bbox 328 532 1359 637; baseline 0.005 -33"><span class='ocrx_word' id='word_1_12' title='bbox 328 532 519 605; x_wconf 91' lang='lat' dir='ltr'><strong><em>multitudo</em></strong></span> <span class='ocrx_word' id='word_1_13' title='bbox 550 551 813 621; x_wconf 80' lang='lat' dir='ltr'><strong><em>armentorum,</em></strong></span> <span class='ocrx_word' id='word_1_14' title='bbox 842 561 924 632; x_wconf 79' lang='lat' dir='ltr'><strong><em>qua’</em></strong></span> <span class='ocrx_word' id='word_1_15' title='bbox 951 537 1059 607; x_wconf 86' lang='lat' dir='ltr'><strong><em>nimis</em></strong></span> <span class='ocrx_word' id='word_1_16' title='bbox 1086 537 1359 637; x_wconf 79' lang='lat' dir='ltr'><strong><em>concupiscebat</em></strong></span> 
     </span>
    </p>

    <p class='ocr_par' dir='ltr' id='par_1_4' title="bbox 326 650 1360 754">
     <span class='ocr_line' id='line_1_4' title="bbox 326 650 1360 754; baseline 0.002 -33"><span class='ocrx_word' id='word_1_17' title='bbox 326 652 522 752; x_wconf 87' lang='lat' dir='ltr'><strong><em>depascere</em></strong></span> <span class='ocrx_word' id='word_1_18' title='bbox 535 668 705 750; x_wconf 89' lang='lat' dir='ltr'><strong><em>pratum;</em></strong></span> <span class='ocrx_word' id='word_1_19' title='bbox 725 652 792 723; x_wconf 91' lang='lat' dir='ltr'><strong><em>sed</em></strong></span> <span class='ocrx_word' id='word_1_20' title='bbox 812 656 935 724; x_wconf 89' lang='lat' dir='ltr'><strong><em>omnia</em></strong></span> <span class='ocrx_word' id='word_1_21' title='bbox 944 650 1118 748; x_wconf 85' lang='lat' dir='ltr'><strong><em>fervidus</em></strong></span> <span class='ocrx_word' id='word_1_22' title='bbox 1138 655 1284 754; x_wconf 86' lang='lat' dir='ltr'><strong><em>sonipes</em></strong></span> <span class='ocrx_word' id='word_1_23' title='bbox 1301 653 1360 724; x_wconf 76' lang='lat' dir='ltr'><strong><em>abt·</em></strong></span> 
     </span>
    </p>

    <p class='ocr_par' dir='ltr' id='par_1_5' title="bbox 324 768 1362 867">
     <span class='ocr_line' id='line_1_5' title="bbox 324 768 1362 867; baseline 0.001 -27"><span class='ocrx_word' id='word_1_24' title='bbox 324 768 453 867; x_wconf 89' lang='lat' dir='ltr'><strong><em>gebat,</em></strong></span> <span class='ocrx_word' id='word_1_25' title='bbox 475 795 541 840; x_wconf 90' lang='lat' dir='ltr'><strong><em>nec</em></strong></span> <span class='ocrx_word' id='word_1_26' title='bbox 557 768 713 867; x_wconf 80' lang='lat' dir='ltr'><em>aliquod</em></span> <span class='ocrx_word' id='word_1_27' title='bbox 727 770 869 841; x_wconf 89' lang='lat' dir='ltr'><strong><em>animal</em></strong></span> <span class='ocrx_word' id='word_1_28' title='bbox 891 768 978 841; x_wconf 87' lang='lat' dir='ltr'><strong><em>illuc</em></strong></span> <span class='ocrx_word' id='word_1_29' title='bbox 1002 772 1149 841; x_wconf 77' lang='lat' dir='ltr'><strong><em>introire</em></strong></span> <span class='ocrx_word' id='word_1_30' title='bbox 1166 768 1319 856; x_wconf 85' lang='lat' dir='ltr'><strong><em>sinebat,</em></strong></span> <span class='ocrx_word' id='word_1_31' title='bbox 1337 788 1362 841; x_wconf 84' lang='lat' dir='ltr'><strong><em>tt</em></strong></span> 
     </span>
    </p>

    <p class='ocr_par' dir='ltr' id='par_1_6' title="bbox 314 866 1384 1102">
     <span class='ocr_line' id='line_1_6' title="bbox 314 866 1384 983; baseline 0.001 -27"><span class='ocrx_word' id='word_1_32' title='bbox 314 885 433 982; x_wconf 87' lang='lat' dir='ltr'><strong><em>flores</em></strong></span> <span class='ocrx_word' id='word_1_33' title='bbox 452 882 655 983; x_wconf 81' lang='lat' dir='ltr'><strong><em>decerperet</em></strong></span> <span class='ocrx_word' id='word_1_34' title='bbox 669 883 730 955; x_wconf 85' lang='lat' dir='ltr'><strong><em>uel</em></strong></span> <span class='ocrx_word' id='word_1_35' title='bbox 742 885 916 982; x_wconf 88' lang='lat' dir='ltr'><strong><em>gramina</em></strong></span> <span class='ocrx_word' id='word_1_36' title='bbox 931 882 1177 957; x_wconf 69' lang='lat' dir='ltr'><strong><em>conculcant.</em></strong></span> <span class='ocrx_word' id='word_1_37' title='bbox 1200 882 1295 956; x_wconf 86' lang='lat' dir='ltr'><strong><em>Prob</em></strong></span> <span class='ocrx_word' id='word_1_38' title='bbox 1313 884 1364 957; x_wconf 85' lang='lat' dir='ltr'><strong><em>do·</em></strong></span> <span class='ocrx_word' id='word_1_39' title='bbox 1383 866 1384 872; x_wconf 7' lang='grc' dir='ltr'>ἵ</span> 
     </span>
     <span class='ocr_line' id='line_1_7' title="bbox 328 1000 1363 1102; baseline -0.002 -28"><span class='ocrx_word' id='word_1_40' title='bbox 328 1002 401 1074; x_wconf 86' lang='lat' dir='ltr'><strong><em>lor!</em></strong></span> <span class='ocrx_word' id='word_1_41' title='bbox 415 1001 562 1100; x_wconf 77' lang='lat' dir='ltr'><strong><em>elegans</em></strong></span> <span class='ocrx_word' id='word_1_42' title='bbox 573 1001 723 1096; x_wconf 86' lang='lat' dir='ltr'><strong><em>etfortis</em></strong></span> <span class='ocrx_word' id='word_1_43' title='bbox 737 1004 902 1102; x_wconf 84' lang='lat' dir='ltr'><strong><em>cornipes</em></strong></span> <span class='ocrx_word' id='word_1_44' title='bbox 914 1001 1032 1074; x_wconf 88' lang='lat' dir='ltr'><strong><em>subito</em></strong></span> <span class='ocrx_word' id='word_1_45' title='bbox 1045 1000 1219 1099; x_wconf 78' lang='lat' dir='ltr'><strong><em>deficiens</em></strong></span> <span class='ocrx_word' id='word_1_46' title='bbox 1231 1005 1363 1081; x_wconf 82' lang='lat' dir='ltr'><strong><em>evanuit,</em></strong></span> 
     </span>
    </p>

    <p class='ocr_par' dir='ltr' id='par_1_7' title="bbox 326 1115 1366 1219">
     <span class='ocr_line' id='line_1_8' title="bbox 326 1115 1366 1219; baseline -0.001 -31"><span class='ocrx_word' id='word_1_47' title='bbox 326 1136 360 1189; x_wconf 92' lang='lat' dir='ltr'><strong><em>et</em></strong></span> <span class='ocrx_word' id='word_1_48' title='bbox 376 1116 564 1188; x_wconf 74' lang='lat' dir='ltr'><strong><em>lasciviens</em></strong></span> <span class='ocrx_word' id='word_1_49' title='bbox 580 1142 699 1187; x_wconf 86' lang='lat' dir='ltr'><strong><em>uacca</em></strong></span> <span class='ocrx_word' id='word_1_50' title='bbox 718 1117 866 1187; x_wconf 90' lang='lat' dir='ltr'><strong><em>tutelam</em></strong></span> <span class='ocrx_word' id='word_1_51' title='bbox 879 1120 986 1218; x_wconf 89' lang='lat' dir='ltr'><strong><em>prati</em></strong></span> <span class='ocrx_word' id='word_1_52' title='bbox 994 1116 1170 1219; x_wconf 73' lang='lat' dir='ltr'><strong><em>florentis</em></strong></span> <span class='ocrx_word' id='word_1_53' title='bbox 1194 1115 1250 1191; x_wconf 84' lang='lat' dir='ltr'><strong><em>ad</em></strong></span> <span class='ocrx_word' id='word_1_54' title='bbox 1270 1134 1366 1187; x_wconf 87' lang='lat' dir='ltr'><strong><em>custo·</em></strong></span> 
     </span>
    </p>

    <p class='ocr_par' dir='ltr' id='par_1_8' title="bbox 327 1231 1367 1330">
     <span class='ocr_line' id='line_1_9' title="bbox 327 1231 1367 1330; baseline 0.001 -24"><span class='ocrx_word' id='word_1_55' title='bbox 327 1232 502 1306; x_wconf 89' lang='lat' dir='ltr'><strong><em>diendum</em></strong></span> <span class='ocrx_word' id='word_1_56' title='bbox 518 1235 687 1330; x_wconf 80' lang='lat' dir='ltr'><strong><em>suscepit.</em></strong></span> <span class='ocrx_word' id='word_1_57' title='bbox 708 1234 881 1307; x_wconf 86' lang='lat' dir='ltr'><strong><em>Protinus</em></strong></span> <span class='ocrx_word' id='word_1_58' title='bbox 898 1235 1016 1305; x_wconf 88' lang='lat' dir='ltr'><strong><em>omnis</em></strong></span> <span class='ocrx_word' id='word_1_59' title='bbox 1032 1231 1253 1307; x_wconf 81' lang='lat' dir='ltr'><strong><em>animalium</em></strong></span> <span class='ocrx_word' id='word_1_60' title='bbox 1267 1233 1367 1307; x_wconf 65' lang='lat' dir='ltr'><strong><em>naut</em></strong></span> 
     </span>
    </p>

    <p class='ocr_par' dir='ltr' id='par_1_9' title="bbox 322 1348 1384 4015">
     <span class='ocr_line' id='line_1_10' title="bbox 328 1348 1369 1448; baseline -0.002 -26"><span class='ocrx_word' id='word_1_61' title='bbox 328 1354 413 1422; x_wconf 86' lang='lat' dir='ltr'><strong><em>tudo</em></strong></span> <span class='ocrx_word' id='word_1_62' title='bbox 430 1351 739 1422; x_wconf 76' lang='lat' dir='ltr'><strong><em>circumstantium</em></strong></span> <span class='ocrx_word' id='word_1_63' title='bbox 756 1348 844 1421; x_wconf 83' lang='lat' dir='ltr'><strong><em>illuc</em></strong></span> <span class='ocrx_word' id='word_1_64' title='bbox 859 1348 969 1421; x_wconf 87' lang='lat' dir='ltr'><strong><em>libere</em></strong></span> <span class='ocrx_word' id='word_1_65' title='bbox 984 1351 1162 1436; x_wconf 88' lang='lat' dir='ltr'><strong><em>accurrit,</em></strong></span> <span class='ocrx_word' id='word_1_66' title='bbox 1182 1366 1217 1420; x_wconf 91' lang='lat' dir='ltr'><strong><em>et</em></strong></span> <span class='ocrx_word' id='word_1_67' title='bbox 1231 1350 1369 1448; x_wconf 79' lang='lat' dir='ltr'><strong><em>undique</em></strong></span> 
     </span>
     <span class='ocr_line' id='line_1_11' title="bbox 322 1463 1369 1566; baseline 0.002 -29"><span class='ocrx_word' id='word_1_68' title='bbox 322 1486 468 1564; x_wconf 91' lang='lat' dir='ltr'><strong><em>pratum</em></strong></span> <span class='ocrx_word' id='word_1_69' title='bbox 491 1464 711 1566; x_wconf 88' lang='lat' dir='ltr'><strong><em>depascens,</em></strong></span> <span class='ocrx_word' id='word_1_70' title='bbox 740 1490 880 1536; x_wconf 82' lang='lat' dir='ltr'><strong><em>onutem</em></strong></span> <span class='ocrx_word' id='word_1_71' title='bbox 905 1467 986 1565; x_wconf 86' lang='lat' dir='ltr'><strong><em>ejus</em></strong></span> <span class='ocrx_word' id='word_1_72' title='bbox 1009 1467 1203 1565; x_wconf 86' lang='lat' dir='ltr'><strong><em>pristinum</em></strong></span> <span class='ocrx_word' id='word_1_73' title='bbox 1228 1463 1369 1539; x_wconf 76' lang='lat' dir='ltr'><strong><em>decom</em></strong></span> 
     </span>
     <span class='ocr_line' id='line_1_12' title="bbox 327 1580 1370 1683; baseline -0.003 -29"><span class='ocrx_word' id='word_1_74' title='bbox 327 1583 463 1681; x_wconf 90' lang='lat' dir='ltr'><strong><em>absque</em></strong></span> <span class='ocrx_word' id='word_1_75' title='bbox 492 1598 586 1652; x_wconf 90' lang='lat' dir='ltr'><strong><em>metu</em></strong></span> <span class='ocrx_word' id='word_1_76' title='bbox 615 1580 815 1676; x_wconf 62' lang='lat' dir='ltr'><strong><em>defensoris</em></strong></span> <span class='ocrx_word' id='word_1_77' title='bbox 839 1581 1040 1669; x_wconf 88' lang='lat' dir='ltr'><strong><em>devoravit,</em></strong></span> <span class='ocrx_word' id='word_1_78' title='bbox 1063 1580 1226 1683; x_wconf 80' lang='lat' dir='ltr'><strong><em>pedibus</em></strong></span> <span class='ocrx_word' id='word_1_79' title='bbox 1247 1584 1370 1683; x_wconf 81' lang='lat' dir='ltr'><strong><em>possin</em></strong></span> 
     </span>
     <span class='ocr_line' id='line_1_13' title="bbox 328 1695 1372 1795; baseline -0.006 -23"><span class='ocrx_word' id='word_1_80' title='bbox 328 1697 567 1785; x_wconf 89' lang='lat' dir='ltr'><strong><em>conculcavit,</em></strong></span> <span class='ocrx_word' id='word_1_81' title='bbox 584 1711 618 1767; x_wconf 91' lang='lat' dir='ltr'><strong><em>et</em></strong></span> <span class='ocrx_word' id='word_1_82' title='bbox 632 1698 798 1768; x_wconf 89' lang='lat' dir='ltr'><strong><em>stercoris</em></strong></span> <span class='ocrx_word' id='word_1_83' title='bbox 812 1696 971 1795; x_wconf 77' lang='lat' dir='ltr'><strong><em>proluvie</em></strong></span> <span class='ocrx_word' id='word_1_84' title='bbox 984 1695 1279 1769; x_wconf 81' lang='lat' dir='ltr'><strong><em>commaculavit.</em></strong></span> <span class='ocrx_word' id='word_1_85' title='bbox 1295 1696 1372 1767; x_wconf 83' lang='lat' dir='ltr'><strong><em>Hac</em></strong></span> 
     </span>
     <span class='ocr_line' id='line_1_14' title="bbox 326 1811 1373 1913; baseline -0.003 -26"><span class='ocrx_word' id='word_1_86' title='bbox 326 1814 455 1887; x_wconf 84' lang='lat' dir='ltr'><strong><em>uidens</em></strong></span> <span class='ocrx_word' id='word_1_87' title='bbox 480 1812 673 1912; x_wconf 82' lang='lat' dir='ltr'><strong><em>obstupui,</em></strong></span> <span class='ocrx_word' id='word_1_88' title='bbox 704 1830 737 1883; x_wconf 89' lang='lat' dir='ltr'><strong><em>et</em></strong></span> <span class='ocrx_word' id='word_1_89' title='bbox 761 1839 787 1883; x_wconf 93' lang='lat' dir='ltr'><strong><em>a</em></strong></span> <span class='ocrx_word' id='word_1_90' title='bbox 812 1812 959 1884; x_wconf 89' lang='lat' dir='ltr'><strong><em>ductore</em></strong></span> <span class='ocrx_word' id='word_1_91' title='bbox 983 1836 1084 1903; x_wconf 86' lang='lat' dir='ltr'><strong><em>tneo,</em></strong></span> <span class='ocrx_word' id='word_1_92' title='bbox 1112 1815 1181 1913; x_wconf 83' lang='lat' dir='ltr'><strong><em>qui</em></strong></span> <span class='ocrx_word' id='word_1_93' title='bbox 1200 1811 1280 1886; x_wconf 79' lang='lat' dir='ltr'><strong><em>bac</em></strong></span> <span class='ocrx_word' id='word_1_94' title='bbox 1297 1813 1373 1884; x_wconf 76' lang='lat' dir='ltr'><strong><em>milti</em></strong></span> 
     </span>
     <span class='ocr_line' id='line_1_15' title="bbox 327 1928 1373 2030; baseline -0.001 -27"><span class='ocrx_word' id='word_1_95' title='bbox 327 1930 549 2016; x_wconf 86' lang='lat' dir='ltr'><strong><em>ostendebat,</em></strong></span> <span class='ocrx_word' id='word_1_96' title='bbox 559 1928 650 2027; x_wconf 85' lang='lat' dir='ltr'><strong><em>quid</em></strong></span> <span class='ocrx_word' id='word_1_97' title='bbox 661 1929 909 2030; x_wconf 81' lang='lat' dir='ltr'><strong><em>significarent</em></strong></span> <span class='ocrx_word' id='word_1_98' title='bbox 922 1932 1102 2029; x_wconf 78' lang='lat' dir='ltr'><strong><em>inquisivi.</em></strong></span> <span class='ocrx_word' id='word_1_99' title='bbox 1116 1931 1172 2003; x_wconf 87' lang='lat' dir='ltr'><strong><em>At</em></strong></span> <span class='ocrx_word' id='word_1_100' title='bbox 1184 1929 1249 2001; x_wconf 88' lang='lat' dir='ltr'><strong><em>ille</em></strong></span> <span class='ocrx_word' id='word_1_101' title='bbox 1258 1948 1373 2002; x_wconf 86' lang='lat' dir='ltr'><strong><em>cuncta</em></strong></span> 
     </span>
     <span class='ocr_line' id='line_1_16' title="bbox 326 2046 1372 2148; baseline -0.002 -27"><span class='ocrx_word' id='word_1_102' title='bbox 326 2051 519 2148; x_wconf 82' lang='lat' dir='ltr'><strong><em>diligenter</em></strong></span> <span class='ocrx_word' id='word_1_103' title='bbox 529 2073 724 2146; x_wconf 68' lang='lat' dir='ltr'><strong><em>exponens,</em></strong></span> <span class='ocrx_word' id='word_1_104' title='bbox 736 2048 833 2119; x_wconf 75' lang='lat' dir='ltr'><strong><em>dt&#39;uit</em></strong></span> <span class='ocrx_word' id='word_1_105' title='bbox 842 2046 932 2119; x_wconf 76' lang='lat' dir='ltr'><strong><em>milti</em></strong></span> <span class='ocrx_word' id='word_1_106' title='bbox 943 2077 952 2118; x_wconf 89' lang='grc'><strong><em>.·</em></strong></span> <span class='ocrx_word' id='word_1_107' title='bbox 967 2079 985 2116; x_wconf 78' lang='lat' dir='ltr'><strong><em>u</em></strong></span> <span class='ocrx_word' id='word_1_108' title='bbox 995 2046 1150 2121; x_wconf 86' lang='lat' dir='ltr'><strong><em>Pratum</em></strong></span> <span class='ocrx_word' id='word_1_109' title='bbox 1160 2048 1264 2147; x_wconf 88' lang='lat' dir='ltr'><strong><em>quod</em></strong></span> <span class='ocrx_word' id='word_1_110' title='bbox 1272 2048 1372 2131; x_wconf 79' lang='lat' dir='ltr'><strong><em>uides,</em></strong></span> 
     </span>
     <span class='ocr_line' id='line_1_17' title="bbox 327 2163 1373 2266; baseline 0.002 -32"><span class='ocrx_word' id='word_1_111' title='bbox 327 2197 345 2234; x_wconf 79' lang='lat' dir='ltr'><strong><em>u</em></strong></span> <span class='ocrx_word' id='word_1_112' title='bbox 360 2163 547 2264; x_wconf 72' lang='lat' dir='ltr'><strong><em>significat</em></strong></span> <span class='ocrx_word' id='word_1_113' title='bbox 555 2163 842 2252; x_wconf 67' lang='lat' dir='ltr'><strong><em>lb&#39;ormanniam,</em></strong></span> <span class='ocrx_word' id='word_1_114' title='bbox 856 2182 889 2236; x_wconf 92' lang='lat' dir='ltr'><strong><em>et</em></strong></span> <span class='ocrx_word' id='word_1_115' title='bbox 902 2163 1020 2237; x_wconf 83' lang='lat' dir='ltr'><strong><em>berboe</em></strong></span> <span class='ocrx_word' id='word_1_116' title='bbox 1033 2163 1300 2237; x_wconf 84' lang='lat' dir='ltr'><strong><em>multitudinem</em></strong></span> <span class='ocrx_word' id='word_1_117' title='bbox 1307 2165 1373 2266; x_wconf 73' lang='lat' dir='ltr'><strong><em>plo</em></strong></span> 
     </span>
     <span class='ocr_line' id='line_1_18' title="bbox 328 2278 1373 2379; baseline -0.001 -29"><span class='ocrx_word' id='word_1_118' title='bbox 328 2314 345 2350; x_wconf 78' lang='lat' dir='ltr'><strong><em>u</em></strong></span> <span class='ocrx_word' id='word_1_119' title='bbox 362 2282 416 2352; x_wconf 88' lang='lat' dir='ltr'><strong><em>bis</em></strong></span> <span class='ocrx_word' id='word_1_120' title='bbox 445 2282 482 2351; x_wconf 93' lang='lat' dir='ltr'><strong><em>in</em></strong></span> <span class='ocrx_word' id='word_1_121' title='bbox 507 2305 551 2350; x_wconf 92' lang='lat' dir='ltr'><strong><em>ea</em></strong></span> <span class='ocrx_word' id='word_1_122' title='bbox 565 2306 700 2379; x_wconf 88' lang='lat' dir='ltr'><strong><em>pacem</em></strong></span> <span class='ocrx_word' id='word_1_123' title='bbox 724 2278 887 2351; x_wconf 85' lang='lat' dir='ltr'><strong><em>ltabentis</em></strong></span> <span class='ocrx_word' id='word_1_124' title='bbox 914 2297 948 2351; x_wconf 88' lang='lat' dir='ltr'><strong><em>et</em></strong></span> <span class='ocrx_word' id='word_1_125' title='bbox 969 2306 1086 2351; x_wconf 89' lang='lat' dir='ltr'><strong><em>rerum</em></strong></span> <span class='ocrx_word' id='word_1_126' title='bbox 1108 2279 1373 2352; x_wconf 82' lang='lat' dir='ltr'><strong><em>abundantiam.</em></strong></span> 
     </span>
     <span class='ocr_line' id='line_1_19' title="bbox 328 2395 1377 2484; baseline 0.001 -19"><span class='ocrx_word' id='word_1_127' title='bbox 328 2432 345 2467; x_wconf 77' lang='lat' dir='ltr'><strong><em>u</em></strong></span> <span class='ocrx_word' id='word_1_128' title='bbox 363 2400 400 2468; x_wconf 91' lang='lat' dir='ltr'><em>F</em></span> <span class='ocrx_word' id='word_1_129' title='bbox 399 2398 489 2468; x_wconf 82' lang='lat' dir='ltr'><strong><em>loms</em></strong></span> <span class='ocrx_word' id='word_1_130' title='bbox 505 2412 625 2466; x_wconf 88' lang='lat' dir='ltr'><strong><em>autem</em></strong></span> <span class='ocrx_word' id='word_1_131' title='bbox 636 2414 718 2467; x_wconf 91' lang='lat' dir='ltr'><strong><em>sunt</em></strong></span> <span class='ocrx_word' id='word_1_132' title='bbox 732 2396 910 2484; x_wconf 77' lang='lat' dir='ltr'><strong><em>ecclesiae,</em></strong></span> <span class='ocrx_word' id='word_1_133' title='bbox 926 2395 990 2467; x_wconf 87' lang='lat' dir='ltr'><strong><em>ubi</em></strong></span> <span class='ocrx_word' id='word_1_134' title='bbox 1000 2395 1262 2469; x_wconf 73' lang='lat' dir='ltr'><strong><em>monachorum</em></strong></span> <span class='ocrx_word' id='word_1_135' title='bbox 1278 2415 1310 2468; x_wconf 89' lang='lat' dir='ltr'><strong><em>et</em></strong></span> <span class='ocrx_word' id='word_1_136' title='bbox 1321 2396 1377 2468; x_wconf 68' lang='lat' dir='ltr'><strong><em>cle</em></strong></span> 
     </span>
     <span class='ocr_line' id='line_1_20' title="bbox 327 2511 1374 2615; baseline 0.004 -33"><span class='ocrx_word' id='word_1_137' title='bbox 327 2548 344 2584; x_wconf 75' lang='lat' dir='ltr'><strong><em>a</em></strong></span> <span class='ocrx_word' id='word_1_138' title='bbox 362 2518 530 2601; x_wconf 76' lang='lat' dir='ltr'><strong><em>vicorum,</em></strong></span> <span class='ocrx_word' id='word_1_139' title='bbox 544 2513 948 2612; x_wconf 88' lang='lat' dir='ltr'><strong><em>sanctimonialiumque</em></strong></span> <span class='ocrx_word' id='word_1_140' title='bbox 957 2530 1041 2585; x_wconf 89' lang='lat' dir='ltr'><strong><em>sunt</em></strong></span> <span class='ocrx_word' id='word_1_141' title='bbox 1051 2511 1214 2586; x_wconf 87' lang='lat' dir='ltr'><strong><em>cobortes</em></strong></span> <span class='ocrx_word' id='word_1_142' title='bbox 1219 2513 1374 2615; x_wconf 80' lang='lat' dir='ltr'><strong><em>pudica,</em></strong></span> 
     </span>
     <span class='ocr_line' id='line_1_21' title="bbox 328 2628 1377 2730; baseline 0.004 -32"><span class='ocrx_word' id='word_1_143' title='bbox 328 2664 344 2700; x_wconf 76' lang='lat' dir='ltr'><strong><em>u</em></strong></span> <span class='ocrx_word' id='word_1_144' title='bbox 363 2628 561 2721; x_wconf 79' lang='lat' dir='ltr'><strong><em>ubth&#39;deles</em></strong></span> <span class='ocrx_word' id='word_1_145' title='bbox 572 2633 707 2699; x_wconf 81' lang='lat' dir='ltr'><strong><em>anima</em></strong></span> <span class='ocrx_word' id='word_1_146' title='bbox 724 2629 966 2702; x_wconf 86' lang='lat' dir='ltr'><strong><em>indesinenter</em></strong></span> <span class='ocrx_word' id='word_1_147' title='bbox 981 2629 1155 2702; x_wconf 83' lang='lat' dir='ltr'><strong><em>t&#39;nluerent</em></strong></span> <span class='ocrx_word' id='word_1_148' title='bbox 1159 2629 1275 2730; x_wconf 86' lang='lat' dir='ltr'><strong><em>fideli</em></strong></span> <span class='ocrx_word' id='word_1_149' title='bbox 1289 2629 1377 2702; x_wconf 82' lang='lat' dir='ltr'><strong><em>tlteo·</em></strong></span> 
     </span>
     <span class='ocr_line' id='line_1_22' title="bbox 328 2745 1377 2848; baseline 0.003 -33"><span class='ocrx_word' id='word_1_150' title='bbox 328 2782 344 2817; x_wconf 80' lang='lat' dir='ltr'><strong><em>u</em></strong></span> <span class='ocrx_word' id='word_1_151' title='bbox 361 2751 437 2820; x_wconf 80' lang='lat' dir='ltr'><strong><em>rice.</em></strong></span> <span class='ocrx_word' id='word_1_152' title='bbox 459 2749 572 2818; x_wconf 84' lang='lat' dir='ltr'><strong><em>Porto</em></strong></span> <span class='ocrx_word' id='word_1_153' title='bbox 590 2746 733 2845; x_wconf 80' lang='lat' dir='ltr'><strong><em>effienis</em></strong></span> <span class='ocrx_word' id='word_1_154' title='bbox 752 2746 918 2820; x_wconf 86' lang='lat' dir='ltr'><strong><em>caballus</em></strong></span> <span class='ocrx_word' id='word_1_155' title='bbox 937 2746 1134 2848; x_wconf 84' lang='lat' dir='ltr'><strong><em>praetendit</em></strong></span> <span class='ocrx_word' id='word_1_156' title='bbox 1153 2745 1377 2820; x_wconf 86' lang='lat' dir='ltr'><strong><em>Guillelmun</em></strong></span> 
     </span>
     <span class='ocr_line' id='line_1_23' title="bbox 326 2861 1379 2966; baseline -0.001 -31"><span class='ocrx_word' id='word_1_157' title='bbox 326 2899 343 2936; x_wconf 76' lang='lat' dir='ltr'><strong><em>s</em></strong></span> <span class='ocrx_word' id='word_1_158' title='bbox 360 2892 478 2966; x_wconf 88' lang='lat' dir='ltr'><strong><em>regem</em></strong></span> <span class='ocrx_word' id='word_1_159' title='bbox 487 2865 703 2961; x_wconf 81' lang='lat' dir='ltr'><strong><em>Anglorum,</em></strong></span> <span class='ocrx_word' id='word_1_160' title='bbox 713 2864 779 2935; x_wconf 88' lang='lat' dir='ltr'><strong><em>sub</em></strong></span> <span class='ocrx_word' id='word_1_161' title='bbox 790 2866 897 2964; x_wconf 85' lang='lat' dir='ltr'><strong><em>cujus</em></strong></span> <span class='ocrx_word' id='word_1_162' title='bbox 906 2861 1379 2962; x_wconf 83' lang='lat' dir='ltr'><strong><em>desenst&#39;onesacerordode·</em></strong></span> 
     </span>
     <span class='ocr_line' id='line_1_24' title="bbox 325 2980 1379 3082; baseline 0.001 -30"><span class='ocrx_word' id='word_1_163' title='bbox 325 3018 342 3054; x_wconf 67' lang='grc' dir='ltr'><strong><em>ι(</em></strong></span> <span class='ocrx_word' id='word_1_164' title='bbox 361 3002 520 3058; x_wconf 93' lang='lat' dir='ltr'><strong><em>votorum</em></strong></span> <span class='ocrx_word' id='word_1_165' title='bbox 534 3010 658 3056; x_wconf 88' lang='lat' dir='ltr'><strong><em>secure</em></strong></span> <span class='ocrx_word' id='word_1_166' title='bbox 672 2982 805 3053; x_wconf 89' lang='lat' dir='ltr'><strong><em>militat</em></strong></span> <span class='ocrx_word' id='word_1_167' title='bbox 820 2985 899 3082; x_wconf 89' lang='lat' dir='ltr'><strong><em>regi</em></strong></span> <span class='ocrx_word' id='word_1_168' title='bbox 915 2982 1140 3082; x_wconf 81' lang='lat' dir='ltr'><strong><em>angelorum.</em></strong></span> <span class='ocrx_word' id='word_1_169' title='bbox 1161 2980 1287 3053; x_wconf 85' lang='lat' dir='ltr'><strong><em>Avida</em></strong></span> <span class='ocrx_word' id='word_1_170' title='bbox 1299 3006 1379 3053; x_wconf 79' lang='lat' dir='ltr'><strong><em>vero</em></strong></span> 
     </span>
     <span class='ocr_line' id='line_1_25' title="bbox 326 3096 1379 3196; baseline 0 -28"><span class='ocrx_word' id='word_1_171' title='bbox 326 3132 344 3168; x_wconf 78' lang='lat' dir='ltr'><strong><em>u</em></strong></span> <span class='ocrx_word' id='word_1_172' title='bbox 360 3099 553 3184; x_wconf 87' lang='lat' dir='ltr'><strong><em>animalia,</em></strong></span> <span class='ocrx_word' id='word_1_173' title='bbox 566 3124 648 3196; x_wconf 79' lang='lat' dir='ltr'><strong><em>qua</em></strong></span> <span class='ocrx_word' id='word_1_174' title='bbox 659 3100 907 3188; x_wconf 83' lang='lat' dir='ltr'><strong><em>circumstant,</em></strong></span> <span class='ocrx_word' id='word_1_175' title='bbox 920 3115 1003 3168; x_wconf 87' lang='lat' dir='ltr'><strong><em>sunt</em></strong></span> <span class='ocrx_word' id='word_1_176' title='bbox 1012 3097 1153 3168; x_wconf 86' lang='lat' dir='ltr'><strong><em>Franci</em></strong></span> <span class='ocrx_word' id='word_1_177' title='bbox 1159 3111 1194 3166; x_wconf 93' lang='lat' dir='ltr'><strong><em>et</em></strong></span> <span class='ocrx_word' id='word_1_178' title='bbox 1203 3096 1379 3181; x_wconf 85' lang='lat' dir='ltr'><strong><em>Britones,</em></strong></span> 
     </span>
     <span class='ocr_line' id='line_1_26' title="bbox 326 3212 1382 3314; baseline -0.001 -28"><span class='ocrx_word' id='word_1_179' title='bbox 326 3251 343 3288; x_wconf 75' lang='lat' dir='ltr'><strong><em>a</em></strong></span> <span class='ocrx_word' id='word_1_180' title='bbox 361 3217 502 3291; x_wconf 89' lang='lat' dir='ltr'><strong><em>Morini</em></strong></span> <span class='ocrx_word' id='word_1_181' title='bbox 512 3233 545 3286; x_wconf 96' lang='lat' dir='ltr'><strong><em>et</em></strong></span> <span class='ocrx_word' id='word_1_182' title='bbox 565 3214 867 3314; x_wconf 88' lang='lat' dir='ltr'><strong><em>Andegavenses‚</em></strong></span> <span class='ocrx_word' id='word_1_183' title='bbox 887 3216 1043 3314; x_wconf 76' lang='lat' dir='ltr'><strong><em>aliaeque</em></strong></span> <span class='ocrx_word' id='word_1_184' title='bbox 1057 3228 1182 3313; x_wconf 80' lang='lat' dir='ltr'><strong><em>gentes</em></strong></span> <span class='ocrx_word' id='word_1_185' title='bbox 1200 3212 1382 3285; x_wconf 77' lang='lat' dir='ltr'><strong><em>colbmita·</em></strong></span> 
     </span>
     <span class='ocr_line' id='line_1_27' title="bbox 327 3331 1382 3433; baseline -0.001 -31"><span class='ocrx_word' id='word_1_186' title='bbox 327 3369 344 3404; x_wconf 84' lang='lat'>«</span> <span class='ocrx_word' id='word_1_187' title='bbox 361 3361 457 3423; x_wconf 85' lang='lat' dir='ltr'><strong><em>nece,</em></strong></span> <span class='ocrx_word' id='word_1_188' title='bbox 478 3360 560 3433; x_wconf 82' lang='lat' dir='ltr'><strong><em>qua</em></strong></span> <span class='ocrx_word' id='word_1_189' title='bbox 581 3335 688 3405; x_wconf 90' lang='lat' dir='ltr'><strong><em>nimis</em></strong></span> <span class='ocrx_word' id='word_1_190' title='bbox 706 3334 863 3407; x_wconf 87' lang='lat' dir='ltr'><strong><em>invident</em></strong></span> <span class='ocrx_word' id='word_1_191' title='bbox 871 3331 1052 3433; x_wconf 80' lang='lat' dir='ltr'><strong><em>felicitati</em></strong></span> <span class='ocrx_word' id='word_1_192' title='bbox 1066 3332 1332 3417; x_wconf 70' lang='lat' dir='ltr'><strong><em>Alamannia,</em></strong></span> <span class='ocrx_word' id='word_1_193' title='bbox 1352 3349 1382 3402; x_wconf 86' lang='lat' dir='ltr'><strong><em>et</em></strong></span> 
     </span>
     <span class='ocr_line' id='line_1_28' title="bbox 326 3449 1382 3554; baseline -0.001 -35"><span class='ocrx_word' id='word_1_194' title='bbox 326 3485 343 3522; x_wconf 74' lang='grc' dir='ltr'><strong><em>ι(</em></strong></span> <span class='ocrx_word' id='word_1_195' title='bbox 356 3468 502 3554; x_wconf 76' lang='lat' dir='ltr'><strong><em>paratae</em></strong></span> <span class='ocrx_word' id='word_1_196' title='bbox 515 3468 610 3539; x_wconf 90' lang='lat' dir='ltr'><strong><em>sunt,</em></strong></span> <span class='ocrx_word' id='word_1_197' title='bbox 629 3451 725 3522; x_wconf 88' lang='lat' dir='ltr'><strong><em>uelut</em></strong></span> <span class='ocrx_word' id='word_1_198' title='bbox 741 3451 822 3551; x_wconf 92' lang='lat' dir='ltr'><strong><em>lupi</em></strong></span> <span class='ocrx_word' id='word_1_199' title='bbox 832 3449 1074 3552; x_wconf 77' lang='lat' dir='ltr'><strong><em>adpradatn,</em></strong></span> <span class='ocrx_word' id='word_1_200' title='bbox 1089 3475 1176 3550; x_wconf 89' lang='lat' dir='ltr'><strong><em>opes</em></strong></span> <span class='ocrx_word' id='word_1_201' title='bbox 1191 3451 1274 3548; x_wconf 87' lang='lat' dir='ltr'><strong><em>ejus</em></strong></span> <span class='ocrx_word' id='word_1_202' title='bbox 1292 3451 1382 3519; x_wconf 79' lang='lat' dir='ltr'><strong><em>inva</em></strong></span> 
     </span>
     <span class='ocr_line' id='line_1_29' title="bbox 327 3564 1383 3669; baseline -0.003 -31"><span class='ocrx_word' id='word_1_203' title='bbox 327 3604 344 3638; x_wconf 73' lang='grc' dir='ltr'><strong><em>α</em></strong></span> <span class='ocrx_word' id='word_1_204' title='bbox 361 3570 462 3656; x_wconf 90' lang='lat' dir='ltr'><strong><em>dere,·</em></strong></span> <span class='ocrx_word' id='word_1_205' title='bbox 476 3568 543 3641; x_wconf 91' lang='lat' dir='ltr'><strong><em>sed</em></strong></span> <span class='ocrx_word' id='word_1_206' title='bbox 553 3568 742 3640; x_wconf 87' lang='lat' dir='ltr'><strong><em>Guillelmi</em></strong></span> <span class='ocrx_word' id='word_1_207' title='bbox 751 3571 846 3667; x_wconf 90' lang='lat' dir='ltr'><strong><em>regis</em></strong></span> <span class='ocrx_word' id='word_1_208' title='bbox 852 3570 999 3669; x_wconf 88' lang='lat' dir='ltr'><strong><em>penitus</em></strong></span> <span class='ocrx_word' id='word_1_209' title='bbox 1010 3564 1383 3667; x_wconf 87' lang='lat' dir='ltr'><strong><em>repellunturinvinci·</em></strong></span> 
     </span>
     <span class='ocr_line' id='line_1_30' title="bbox 327 3678 1383 3782; baseline -0.004 -28"><span class='ocrx_word' id='word_1_210' title='bbox 327 3719 345 3756; x_wconf 81' lang='lat' dir='ltr'><strong><em>u</em></strong></span> <span class='ocrx_word' id='word_1_211' title='bbox 360 3686 426 3758; x_wconf 88' lang='lat' dir='ltr'><strong><em>bili</em></strong></span> <span class='ocrx_word' id='word_1_212' title='bbox 429 3683 661 3777; x_wconf 87' lang='lat' dir='ltr'><strong><em>fortitudine.</em></strong></span> <span class='ocrx_word' id='word_1_213' title='bbox 681 3685 817 3755; x_wconf 80' lang='lat' dir='ltr'><strong><em>Ventm</em></strong></span> <span class='ocrx_word' id='word_1_214' title='bbox 831 3701 1025 3782; x_wconf 85' lang='lat' dir='ltr'><strong><em>postquam</em></strong></span> <span class='ocrx_word' id='word_1_215' title='bbox 1041 3685 1118 3781; x_wconf 89' lang='lat' dir='ltr'><strong><em>ipse</em></strong></span> <span class='ocrx_word' id='word_1_216' title='bbox 1131 3678 1306 3781; x_wconf 57' lang='lat' dir='ltr'><strong><em>ddecet-it</em></strong></span> <span class='ocrx_word' id='word_1_217' title='bbox 1315 3708 1383 3775; x_wconf 86' lang='lat' dir='ltr'><strong><em>pro</em></strong></span> 
     </span>
     <span class='ocr_line' id='line_1_31' title="bbox 327 3797 1384 3900; baseline 0 -32"><span class='ocrx_word' id='word_1_218' title='bbox 327 3833 344 3869; x_wconf 73' lang='grc' dir='ltr'><em>α</em></span> <span class='ocrx_word' id='word_1_219' title='bbox 361 3802 523 3873; x_wconf 83' lang='lat' dir='ltr'><strong><em>bumana</em></strong></span> <span class='ocrx_word' id='word_1_220' title='bbox 533 3799 751 3888; x_wconf 87' lang='lat' dir='ltr'><strong><em>conditione,</em></strong></span> <span class='ocrx_word' id='word_1_221' title='bbox 764 3802 966 3873; x_wconf 84' lang='lat' dir='ltr'><strong><em>Radbertus</em></strong></span> <span class='ocrx_word' id='word_1_222' title='bbox 971 3799 1076 3900; x_wconf 80' lang='lat' dir='ltr'><strong><em>filius</em></strong></span> <span class='ocrx_word' id='word_1_223' title='bbox 1089 3803 1165 3898; x_wconf 80' lang='lat' dir='ltr'><strong><em>ejus</em></strong></span> <span class='ocrx_word' id='word_1_224' title='bbox 1175 3801 1210 3869; x_wconf 88' lang='lat' dir='ltr'><strong><em>ei</em></strong></span> <span class='ocrx_word' id='word_1_225' title='bbox 1218 3797 1384 3870; x_wconf 89' lang='lat' dir='ltr'><strong><em>succede</em></strong></span> 
     </span>
     <span class='ocr_line' id='line_1_32' title="bbox 326 3914 1355 4015; baseline 0.002 -34"><span class='ocrx_word' id='word_1_226' title='bbox 326 3949 343 3982; x_wconf 73' lang='grc' dir='ltr'>α</span> <span class='ocrx_word' id='word_1_227' title='bbox 361 3921 398 3985; x_wconf 81' lang='lat' dir='ltr'><strong><em>in</em></strong></span> <span class='ocrx_word' id='word_1_228' title='bbox 411 3915 547 3987; x_wconf 86' lang='lat' dir='ltr'><strong><em>ducatu</em></strong></span> <span class='ocrx_word' id='word_1_229' title='bbox 560 3917 809 3988; x_wconf 73' lang='lat' dir='ltr'><strong><em>bormannire.</em></strong></span> <span class='ocrx_word' id='word_1_230' title='bbox 825 3919 922 3989; x_wconf 79' lang='lat' dir='ltr'><strong><em>Mox</em></strong></span> <span class='ocrx_word' id='word_1_231' title='bbox 933 3916 1093 4015; x_wconf 89' lang='lat' dir='ltr'><strong><em>undique</em></strong></span> <span class='ocrx_word' id='word_1_232' title='bbox 1103 3914 1216 3986; x_wconf 88' lang='lat' dir='ltr'><strong><em>bostes</em></strong></span> <span class='ocrx_word' id='word_1_233' title='bbox 1226 3940 1308 3986; x_wconf 87' lang='lat' dir='ltr'><strong><em>eum</em></strong></span> <span class='ocrx_word' id='word_1_234' title='bbox 1321 3919 1355 3986; x_wconf 90' lang='lat' dir='ltr'><strong><em>ci</em></strong></span> 
     </span>
    </p>

    <p class='ocr_par' dir='ltr' id='par_1_10' title="bbox 326 4032 1384 4136">
     <span class='ocr_line' id='line_1_33' title="bbox 326 4032 1384 4136; baseline 0.005 -39"><span class='ocrx_word' id='word_1_235' title='bbox 326 4064 343 4098; x_wconf 76' lang='lat' dir='ltr'><strong><em>u</em></strong></span> <span class='ocrx_word' id='word_1_236' title='bbox 361 4033 601 4118; x_wconf 83' lang='lat' dir='ltr'><strong><em>runulobunt,</em></strong></span> <span class='ocrx_word' id='word_1_237' title='bbox 623 4052 656 4103; x_wconf 88' lang='lat' dir='ltr'><strong><em>et</em></strong></span> <span class='ocrx_word' id='word_1_238' title='bbox 678 4051 791 4107; x_wconf 85' lang='lat' dir='ltr'><strong><em>tutore</em></strong></span> <span class='ocrx_word' id='word_1_239' title='bbox 813 4035 917 4136; x_wconf 85' lang='lat' dir='ltr'><strong><em>lapso</em></strong></span> <span class='ocrx_word' id='word_1_240' title='bbox 941 4034 1095 4105; x_wconf 87' lang='lat' dir='ltr'><strong><em>nobilem</em></strong></span> <span class='ocrx_word' id='word_1_241' title='bbox 1118 4050 1152 4104; x_wconf 91' lang='lat' dir='ltr'><strong><em>et</em></strong></span> <span class='ocrx_word' id='word_1_242' title='bbox 1176 4032 1348 4132; x_wconf 81' lang='lat' dir='ltr'><strong><em>opulenta</em></strong></span> <span class='ocrx_word' id='word_1_243' title='bbox 1380 4072 1384 4088; x_wconf 53' lang='grc' dir='ltr'><strong><em>ι</em></strong></span> 
     </span>
    </p>
   </div>
   <div class='ocr_carea' id='block_1_3' title="bbox 0 0 1395 5094">
    <p class='ocr_par' dir='ltr' id='par_1_11' title="bbox 0 0 1395 5094">
     <span class='ocr_line' id='line_1_34' title="bbox 0 0 1395 5094; baseline 0 0"><span class='ocrx_word' id='word_1_244' title='bbox 0 0 1395 5094; x_wconf 95' lang='lat' dir='ltr'><strong><em> </em></strong></span> 
     </span>
    </p>
   </div>
  </div>
 </body>
</html>
