<?xml version="1.0" encoding="UTF-8"?>
<!DOCTYPE html PUBLIC "-//W3C//DTD XHTML 1.0 Transitional//EN"
    "http://www.w3.org/TR/xhtml1/DTD/xhtml1-transitional.dtd">
<html xmlns="http://www.w3.org/1999/xhtml" xml:lang="en" lang="en">
 <head>
  <title>
</title>
<meta http-equiv="Content-Type" content="text/html;charset=utf-8" />
  <meta name='ocr-system' content='tesseract 3.04.00' />
  <meta name='ocr-capabilities' content='ocr_page ocr_carea ocr_par ocr_line ocrx_word'/>
</head>
<body>
  <div class='ocr_page' id='page_1' title='image "./ordericivitalis06deligoog/ordericivitalis06deligoog_0193.png"; bbox 0 0 2768 5094; ppageno 0'>
   <div class='ocr_carea' id='block_1_1' title="bbox 156 410 1210 488">
    <p class='ocr_par' dir='ltr' id='par_1_1' title="bbox 156 410 1210 488">
     <span class='ocr_line' id='line_1_1' title="bbox 156 410 1210 488; baseline 0 -15"><span class='ocrx_word' id='word_1_1' title='bbox 156 415 214 474; x_wconf 85' lang='lat'>180</span> <span class='ocrx_word' id='word_1_2' title='bbox 430 411 614 472; x_wconf 76' lang='lat' dir='ltr'>HISTORIA</span> <span class='ocrx_word' id='word_1_3' title='bbox 636 410 942 472; x_wconf 70' lang='lat' dir='ltr'>coctoslasttct.</span> <span class='ocrx_word' id='word_1_4' title='bbox 1128 413 1210 488; x_wconf 60' lang='lat' dir='ltr'>[tm</span> 
     </span>
    </p>
   </div>
   <div class='ocr_carea' id='block_1_2' title="bbox 147 528 1210 4022">
    <p class='ocr_par' dir='ltr' id='par_1_2' title="bbox 153 528 1210 2033">
     <span class='ocr_line' id='line_1_2' title="bbox 156 528 1210 618; baseline 0.001 -15"><span class='ocrx_word' id='word_1_5' title='bbox 156 547 210 603; x_wconf 88' lang='lat' dir='ltr'>tra</span> <span class='ocrx_word' id='word_1_6' title='bbox 225 532 275 603; x_wconf 90' lang='lat' dir='ltr'>sic</span> <span class='ocrx_word' id='word_1_7' title='bbox 288 532 337 604; x_wconf 90' lang='lat' dir='ltr'>eis</span> <span class='ocrx_word' id='word_1_8' title='bbox 348 530 573 602; x_wconf 83' lang='lat' dir='ltr'>remandavit</span> <span class='ocrx_word' id='word_1_9' title='bbox 586 555 667 618; x_wconf 85' lang='lat' dir='ltr'>rex,</span> <span class='ocrx_word' id='word_1_10' title='bbox 681 529 803 602; x_wconf 86' lang='lat' dir='ltr'>dicens</span> <span class='ocrx_word' id='word_1_11' title='bbox 818 560 827 600; x_wconf 78' lang='lat' dir='ltr'><strong><em>z</em></strong></span> <span class='ocrx_word' id='word_1_12' title='bbox 844 529 934 604; x_wconf 86' lang='lat' dir='ltr'>Non</span> <span class='ocrx_word' id='word_1_13' title='bbox 946 546 1000 600; x_wconf 87' lang='lat' dir='ltr'>est</span> <span class='ocrx_word' id='word_1_14' title='bbox 1014 528 1111 601; x_wconf 70' lang='lat' dir='ltr'>natta·</span> <span class='ocrx_word' id='word_1_15' title='bbox 1124 532 1210 604; x_wconf 72' lang='lat' dir='ltr'>moti</span> 
     </span>
     <span class='ocr_line' id='line_1_3' title="bbox 155 645 1210 746; baseline 0 -27"><span class='ocrx_word' id='word_1_16' title='bbox 155 647 209 719; x_wconf 88' lang='lat' dir='ltr'>ad</span> <span class='ocrx_word' id='word_1_17' title='bbox 231 647 328 719; x_wconf 80' lang='lat' dir='ltr'>bono</span> <span class='ocrx_word' id='word_1_18' title='bbox 349 645 594 719; x_wconf 85' lang='lat' dir='ltr'>conditionem</span> <span class='ocrx_word' id='word_1_19' title='bbox 618 645 750 718; x_wconf 81' lang='lat' dir='ltr'>babere</span> <span class='ocrx_word' id='word_1_20' title='bbox 766 646 962 746; x_wconf 81' lang='lat' dir='ltr'>subjectos.</span> <span class='ocrx_word' id='word_1_21' title='bbox 982 646 1130 720; x_wconf 86' lang='lat' dir='ltr'>Deinde</span> <span class='ocrx_word' id='word_1_22' title='bbox 1152 672 1210 719; x_wconf 73' lang='lat' dir='ltr'>cu</span> 
     </span>
     <span class='ocr_line' id='line_1_4' title="bbox 154 761 1210 862; baseline 0.002 -27"><span class='ocrx_word' id='word_1_23' title='bbox 154 763 314 835; x_wconf 86' lang='lat' dir='ltr'>exercitu</span> <span class='ocrx_word' id='word_1_24' title='bbox 335 761 379 835; x_wconf 92' lang='lat' dir='ltr'>ad</span> <span class='ocrx_word' id='word_1_25' title='bbox 400 762 488 835; x_wconf 86' lang='lat' dir='ltr'>fines</span> <span class='ocrx_word' id='word_1_26' title='bbox 511 788 639 836; x_wconf 90' lang='lat' dir='ltr'>eorum</span> <span class='ocrx_word' id='word_1_27' title='bbox 656 764 821 852; x_wconf 87' lang='lat' dir='ltr'>accessit,</span> <span class='ocrx_word' id='word_1_28' title='bbox 842 779 878 835; x_wconf 89' lang='lat' dir='ltr'>et</span> <span class='ocrx_word' id='word_1_29' title='bbox 898 763 1020 862; x_wconf 89' lang='lat' dir='ltr'>primo</span> <span class='ocrx_word' id='word_1_30' title='bbox 1042 763 1085 835; x_wconf 88' lang='lat' dir='ltr'>in</span> <span class='ocrx_word' id='word_1_31' title='bbox 1109 788 1151 836; x_wconf 88' lang='lat' dir='ltr'>ea</span> <span class='ocrx_word' id='word_1_32' title='bbox 1170 790 1210 837; x_wconf 73' lang='lat' dir='ltr'>ex</span> 
     </span>
     <span class='ocr_line' id='line_1_5' title="bbox 154 879 1210 981; baseline -0.001 -27"><span class='ocrx_word' id='word_1_33' title='bbox 154 881 337 980; x_wconf 88' lang='lat' dir='ltr'>peditione</span> <span class='ocrx_word' id='word_1_34' title='bbox 354 879 489 981; x_wconf 81' lang='lat' dir='ltr'>Anglos</span> <span class='ocrx_word' id='word_1_35' title='bbox 511 879 646 953; x_wconf 82' lang='lat' dir='ltr'>eduxit.</span> <span class='ocrx_word' id='word_1_36' title='bbox 667 880 820 980; x_wconf 87' lang='lat' dir='ltr'>Majores</span> <span class='ocrx_word' id='word_1_37' title='bbox 841 905 927 954; x_wconf 86' lang='lat' dir='ltr'>mox</span> <span class='ocrx_word' id='word_1_38' title='bbox 945 896 987 951; x_wconf 91' lang='lat' dir='ltr'>ut</span> <span class='ocrx_word' id='word_1_39' title='bbox 1005 905 1135 980; x_wconf 76' lang='lat' dir='ltr'>regem</span> <span class='ocrx_word' id='word_1_40' title='bbox 1152 906 1210 953; x_wconf 83' lang='lat' dir='ltr'>cm</span> 
     </span>
     <span class='ocr_line' id='line_1_6' title="bbox 153 995 1210 1098; baseline 0.003 -29"><span class='ocrx_word' id='word_1_41' title='bbox 153 999 313 1071; x_wconf 89' lang='lat' dir='ltr'>exercitu</span> <span class='ocrx_word' id='word_1_42' title='bbox 323 998 613 1097; x_wconf 86' lang='lat' dir='ltr'>appropinquare</span> <span class='ocrx_word' id='word_1_43' title='bbox 623 1012 860 1098; x_wconf 83' lang='lat' dir='ltr'>cognoscunt,</span> <span class='ocrx_word' id='word_1_44' title='bbox 870 995 1210 1072; x_wconf 84' lang='lat' dir='ltr'>obviamadvenieot</span> 
     </span>
     <span class='ocr_line' id='line_1_7' title="bbox 155 1114 1210 1216; baseline 0 -28"><span class='ocrx_word' id='word_1_45' title='bbox 155 1114 378 1215; x_wconf 81' lang='lat' dir='ltr'>procedunt,</span> <span class='ocrx_word' id='word_1_46' title='bbox 395 1142 519 1216; x_wconf 91' lang='lat' dir='ltr'>pacem</span> <span class='ocrx_word' id='word_1_47' title='bbox 535 1132 713 1215; x_wconf 90' lang='lat' dir='ltr'>poscunt,</span> <span class='ocrx_word' id='word_1_48' title='bbox 740 1129 862 1215; x_wconf 88' lang='lat' dir='ltr'>portas</span> <span class='ocrx_word' id='word_1_49' title='bbox 883 1117 916 1187; x_wconf 92' lang='lat' dir='ltr'>ei</span> <span class='ocrx_word' id='word_1_50' title='bbox 936 1132 1063 1214; x_wconf 86' lang='lat' dir='ltr'>patere</span> <span class='ocrx_word' id='word_1_51' title='bbox 1081 1115 1210 1189; x_wconf 88' lang='lat' dir='ltr'>dicunt</span> 
     </span>
     <span class='ocr_line' id='line_1_8' title="bbox 156 1230 1210 1333; baseline 0.003 -29"><span class='ocrx_word' id='word_1_52' title='bbox 156 1234 328 1333; x_wconf 87' lang='lat' dir='ltr'>imperata</span> <span class='ocrx_word' id='word_1_53' title='bbox 345 1230 519 1331; x_wconf 83' lang='lat' dir='ltr'>quaelibet</span> <span class='ocrx_word' id='word_1_54' title='bbox 539 1260 576 1305; x_wconf 88' lang='lat' dir='ltr'>se</span> <span class='ocrx_word' id='word_1_55' title='bbox 593 1232 752 1307; x_wconf 77' lang='lat' dir='ltr'>facturos</span> <span class='ocrx_word' id='word_1_56' title='bbox 771 1232 1015 1332; x_wconf 90' lang='lat' dir='ltr'>promittunt,</span> <span class='ocrx_word' id='word_1_57' title='bbox 1035 1250 1075 1306; x_wconf 88' lang='lat' dir='ltr'>et</span> <span class='ocrx_word' id='word_1_58' title='bbox 1093 1232 1210 1308; x_wconf 72' lang='lat' dir='ltr'>obside</span> 
     </span>
     <span class='ocr_line' id='line_1_9' title="bbox 158 1348 1210 1449; baseline 0.002 -27"><span class='ocrx_word' id='word_1_59' title='bbox 158 1350 428 1449; x_wconf 79' lang='lat' dir='ltr'>illico&#39;quantos</span> <span class='ocrx_word' id='word_1_60' title='bbox 445 1377 509 1424; x_wconf 85' lang='lat' dir='ltr'>rex</span> <span class='ocrx_word' id='word_1_61' title='bbox 521 1348 646 1448; x_wconf 86' lang='lat' dir='ltr'>jubet,</span> <span class='ocrx_word' id='word_1_62' title='bbox 667 1350 862 1424; x_wconf 92' lang='lat' dir='ltr'>adducunt.</span> <span class='ocrx_word' id='word_1_63' title='bbox 883 1351 1028 1424; x_wconf 83' lang='lat' dir='ltr'>Reversi</span> <span class='ocrx_word' id='word_1_64' title='bbox 1043 1350 1091 1423; x_wconf 93' lang='lat' dir='ltr'>ad</span> <span class='ocrx_word' id='word_1_65' title='bbox 1110 1352 1210 1426; x_wconf 82' lang='lat' dir='ltr'>oonei</span> 
     </span>
     <span class='ocr_line' id='line_1_10' title="bbox 156 1464 1210 1566; baseline 0.003 -30"><span class='ocrx_word' id='word_1_66' title='bbox 156 1493 235 1553; x_wconf 83' lang='lat' dir='ltr'>ves,</span> <span class='ocrx_word' id='word_1_67' title='bbox 253 1467 317 1566; x_wconf 86' lang='lat' dir='ltr'>qui</span> <span class='ocrx_word' id='word_1_68' title='bbox 336 1465 509 1564; x_wconf 86' lang='lat' dir='ltr'>supplicia</span> <span class='ocrx_word' id='word_1_69' title='bbox 526 1490 595 1564; x_wconf 90' lang='lat' dir='ltr'>pro</span> <span class='ocrx_word' id='word_1_70' title='bbox 613 1481 715 1539; x_wconf 81' lang='lat' dir='ltr'>reatu</span> <span class='ocrx_word' id='word_1_71' title='bbox 732 1466 841 1539; x_wconf 90' lang='lat' dir='ltr'>nimis</span> <span class='ocrx_word' id='word_1_72' title='bbox 857 1464 1094 1554; x_wconf 81' lang='lat' dir='ltr'>metuebant,</span> <span class='ocrx_word' id='word_1_73' title='bbox 1122 1464 1210 1539; x_wconf 79' lang='lat' dir='ltr'>nihi!</span> 
     </span>
     <span class='ocr_line' id='line_1_11' title="bbox 157 1581 1210 1685; baseline -0.001 -29"><span class='ocrx_word' id='word_1_74' title='bbox 157 1585 301 1656; x_wconf 90' lang='lat' dir='ltr'>ominus</span> <span class='ocrx_word' id='word_1_75' title='bbox 318 1581 573 1655; x_wconf 87' lang='lat' dir='ltr'>machinantur</span> <span class='ocrx_word' id='word_1_76' title='bbox 590 1581 731 1657; x_wconf 79' lang='lat' dir='ltr'>hostilio</span> <span class='ocrx_word' id='word_1_77' title='bbox 748 1609 831 1685; x_wconf 73' lang='lat' dir='ltr'>quae</span> <span class='ocrx_word' id='word_1_78' title='bbox 853 1598 1064 1682; x_wconf 82' lang='lat' dir='ltr'>coeperant,</span> <span class='ocrx_word' id='word_1_79' title='bbox 1091 1584 1210 1656; x_wconf 75' lang='lat' dir='ltr'>multia</span> 
     </span>
     <span class='ocr_line' id='line_1_12' title="bbox 157 1696 1210 1800; baseline 0.001 -29"><span class='ocrx_word' id='word_1_80' title='bbox 157 1725 227 1800; x_wconf 91' lang='lat' dir='ltr'>que</span> <span class='ocrx_word' id='word_1_81' title='bbox 244 1725 313 1799; x_wconf 83' lang='lat' dir='ltr'>pm</span> <span class='ocrx_word' id='word_1_82' title='bbox 326 1699 439 1771; x_wconf 86' lang='lat' dir='ltr'>causis</span> <span class='ocrx_word' id='word_1_83' title='bbox 452 1697 497 1771; x_wconf 89' lang='lat' dir='ltr'>ad</span> <span class='ocrx_word' id='word_1_84' title='bbox 508 1696 791 1798; x_wconf 83' lang='lat' dir='ltr'>oppugnandum</span> <span class='ocrx_word' id='word_1_85' title='bbox 805 1725 880 1772; x_wconf 89' lang='lat' dir='ltr'>sese</span> <span class='ocrx_word' id='word_1_86' title='bbox 894 1696 1114 1772; x_wconf 80' lang='lat' dir='ltr'>incitabant.</span> <span class='ocrx_word' id='word_1_87' title='bbox 1130 1698 1210 1793; x_wconf 86' lang='lat' dir='ltr'>Quo</span> 
     </span>
     <span class='ocr_line' id='line_1_13' title="bbox 157 1813 1210 1916; baseline -0.002 -28"><span class='ocrx_word' id='word_1_88' title='bbox 157 1816 306 1892; x_wconf 89' lang='lat' dir='ltr'>audiens</span> <span class='ocrx_word' id='word_1_89' title='bbox 322 1844 409 1905; x_wconf 84' lang='lat' dir='ltr'>rex,</span> <span class='ocrx_word' id='word_1_90' title='bbox 428 1818 491 1916; x_wconf 88' lang='lat' dir='ltr'>qui</span> <span class='ocrx_word' id='word_1_91' title='bbox 515 1816 559 1888; x_wconf 90' lang='lat' dir='ltr'>ad</span> <span class='ocrx_word' id='word_1_92' title='bbox 581 1831 740 1916; x_wconf 89' lang='lat' dir='ltr'>quatuor</span> <span class='ocrx_word' id='word_1_93' title='bbox 756 1815 922 1888; x_wconf 87' lang='lat' dir='ltr'>milliaria</span> <span class='ocrx_word' id='word_1_94' title='bbox 944 1815 1171 1891; x_wconf 74' lang='lat' dir='ltr'>consistebat</span> <span class='ocrx_word' id='word_1_95' title='bbox 1189 1813 1210 1888; x_wconf 80' lang='lat' dir='ltr'>d</span> 
     </span>
     <span class='ocr_line' id='line_1_14' title="bbox 158 1931 908 2033; baseline 0.001 -28"><span class='ocrx_word' id='word_1_96' title='bbox 158 1931 269 2023; x_wconf 87' lang='lat' dir='ltr'>urbe,</span> <span class='ocrx_word' id='word_1_97' title='bbox 291 1935 341 2006; x_wconf 89' lang='lat' dir='ltr'>ira</span> <span class='ocrx_word' id='word_1_98' title='bbox 359 1933 517 2033; x_wconf 88' lang='lat' dir='ltr'>repletus</span> <span class='ocrx_word' id='word_1_99' title='bbox 533 1948 587 2006; x_wconf 91' lang='lat' dir='ltr'>est</span> <span class='ocrx_word' id='word_1_100' title='bbox 604 1947 640 2006; x_wconf 89' lang='lat' dir='ltr'>et</span> <span class='ocrx_word' id='word_1_101' title='bbox 657 1931 908 2008; x_wconf 82' lang='lat' dir='ltr'>admiratione.</span> 
     </span>
    </p>

    <p class='ocr_par' dir='ltr' id='par_1_3' title="bbox 147 2050 1210 4022">
     <span class='ocr_line' id='line_1_15' title="bbox 209 2050 1210 2154; baseline 0.001 -29"><span class='ocrx_word' id='word_1_102' title='bbox 209 2052 390 2153; x_wconf 82' lang='lat' dir='ltr'>Imprimis</span> <span class='ocrx_word' id='word_1_103' title='bbox 408 2053 528 2152; x_wconf 89' lang='lat' dir='ltr'>itaque</span> <span class='ocrx_word' id='word_1_104' title='bbox 543 2078 608 2124; x_wconf 78' lang='lat' dir='ltr'>rex</span> <span class='ocrx_word' id='word_1_105' title='bbox 621 2077 705 2124; x_wconf 90' lang='lat' dir='ltr'>cum</span> <span class='ocrx_word' id='word_1_106' title='bbox 718 2053 926 2153; x_wconf 76' lang='lat' dir='ltr'>quingentis</span> <span class='ocrx_word' id='word_1_107' title='bbox 942 2050 1135 2152; x_wconf 88' lang='lat' dir='ltr'>equitibus</span> <span class='ocrx_word' id='word_1_108' title='bbox 1150 2077 1210 2154; x_wconf 86' lang='lat' dir='ltr'>pro</span> 
     </span>
     <span class='ocr_line' id='line_1_16' title="bbox 160 2167 1210 2270; baseline 0 -28"><span class='ocrx_word' id='word_1_109' title='bbox 160 2195 245 2268; x_wconf 88' lang='lat' dir='ltr'>pere</span> <span class='ocrx_word' id='word_1_110' title='bbox 267 2168 445 2267; x_wconf 84' lang='lat' dir='ltr'>perrexit,</span> <span class='ocrx_word' id='word_1_111' title='bbox 470 2183 514 2239; x_wconf 89' lang='lat' dir='ltr'>ut</span> <span class='ocrx_word' id='word_1_112' title='bbox 539 2167 660 2240; x_wconf 87' lang='lat' dir='ltr'>locum</span> <span class='ocrx_word' id='word_1_113' title='bbox 684 2183 721 2240; x_wconf 89' lang='lat' dir='ltr'>et</span> <span class='ocrx_word' id='word_1_114' title='bbox 742 2168 877 2241; x_wconf 91' lang='lat' dir='ltr'>moenia</span> <span class='ocrx_word' id='word_1_115' title='bbox 900 2167 1059 2256; x_wconf 84' lang='lat' dir='ltr'>videret,</span> <span class='ocrx_word' id='word_1_116' title='bbox 1083 2184 1124 2242; x_wconf 89' lang='lat' dir='ltr'>et</span> <span class='ocrx_word' id='word_1_117' title='bbox 1149 2169 1210 2270; x_wconf 86' lang='lat' dir='ltr'>qui</span> 
     </span>
     <span class='ocr_line' id='line_1_17' title="bbox 162 2282 1210 2384; baseline -0.002 -26"><span class='ocrx_word' id='word_1_118' title='bbox 162 2286 282 2359; x_wconf 88' lang='lat' dir='ltr'>hostes</span> <span class='ocrx_word' id='word_1_119' title='bbox 299 2299 446 2384; x_wconf 83' lang='lat' dir='ltr'>agerent</span> <span class='ocrx_word' id='word_1_120' title='bbox 458 2282 756 2383; x_wconf 88' lang='lat' dir='ltr'>deprehenderet.</span> <span class='ocrx_word' id='word_1_121' title='bbox 768 2287 890 2358; x_wconf 83' lang='lat' dir='ltr'>Portae</span> <span class='ocrx_word' id='word_1_122' title='bbox 905 2285 1097 2359; x_wconf 87' lang='lat' dir='ltr'>offirmatae</span> <span class='ocrx_word' id='word_1_123' title='bbox 1116 2301 1210 2360; x_wconf 78' lang='lat' dir='ltr'>erant</span> 
     </span>
     <span class='ocr_line' id='line_1_18' title="bbox 159 2400 1210 2503; baseline 0 -27"><span class='ocrx_word' id='word_1_124' title='bbox 159 2403 351 2502; x_wconf 84' lang='lat' dir='ltr'>densaeque</span> <span class='ocrx_word' id='word_1_125' title='bbox 367 2400 487 2474; x_wconf 85' lang='lat' dir='ltr'>torbae</span> <span class='ocrx_word' id='word_1_126' title='bbox 506 2403 543 2473; x_wconf 92' lang='lat' dir='ltr'>in</span> <span class='ocrx_word' id='word_1_127' title='bbox 560 2403 841 2502; x_wconf 86' lang='lat' dir='ltr'>propugnaculis</span> <span class='ocrx_word' id='word_1_128' title='bbox 861 2419 898 2476; x_wconf 90' lang='lat' dir='ltr'>et</span> <span class='ocrx_word' id='word_1_129' title='bbox 921 2430 986 2503; x_wconf 92' lang='lat' dir='ltr'>per</span> <span class='ocrx_word' id='word_1_130' title='bbox 1000 2418 1125 2476; x_wconf 89' lang='lat' dir='ltr'>totum</span> <span class='ocrx_word' id='word_1_131' title='bbox 1142 2429 1210 2476; x_wconf 81' lang='lat' dir='ltr'>mtu</span> 
     </span>
     <span class='ocr_line' id='line_1_19' title="bbox 147 2514 1210 2620; baseline -0.004 -24"><span class='ocrx_word' id='word_1_132' title='bbox 147 2519 339 2596; x_wconf 87' lang='lat' dir='ltr'>ambitum</span> <span class='ocrx_word' id='word_1_133' title='bbox 349 2514 575 2617; x_wconf 85' lang='lat' dir='ltr'>prostabant.</span> <span class='ocrx_word' id='word_1_134' title='bbox 592 2518 755 2618; x_wconf 86' lang='lat' dir='ltr'>Denique</span> <span class='ocrx_word' id='word_1_135' title='bbox 768 2520 869 2620; x_wconf 81' lang='lat' dir='ltr'>regio</span> <span class='ocrx_word' id='word_1_136' title='bbox 880 2523 981 2618; x_wconf 87' lang='lat' dir='ltr'>jussu</span> <span class='ocrx_word' id='word_1_137' title='bbox 995 2521 1210 2597; x_wconf 73' lang='lat' dir='ltr'>exercitus·</span> 
     </span>
     <span class='ocr_line' id='line_1_20' title="bbox 162 2634 1210 2740; baseline 0.004 -32"><span class='ocrx_word' id='word_1_138' title='bbox 162 2634 290 2709; x_wconf 87' lang='lat' dir='ltr'>urbem</span> <span class='ocrx_word' id='word_1_139' title='bbox 307 2638 472 2710; x_wconf 87' lang='lat' dir='ltr'>admotus</span> <span class='ocrx_word' id='word_1_140' title='bbox 491 2650 565 2721; x_wconf 89' lang='lat' dir='ltr'>est,</span> <span class='ocrx_word' id='word_1_141' title='bbox 585 2653 622 2707; x_wconf 90' lang='lat' dir='ltr'>et</span> <span class='ocrx_word' id='word_1_142' title='bbox 639 2662 731 2707; x_wconf 90' lang='lat' dir='ltr'>unus</span> <span class='ocrx_word' id='word_1_143' title='bbox 748 2663 791 2710; x_wconf 86' lang='lat' dir='ltr'>ex</span> <span class='ocrx_word' id='word_1_144' title='bbox 809 2634 996 2711; x_wconf 89' lang='lat' dir='ltr'>obsidibus</span> <span class='ocrx_word' id='word_1_145' title='bbox 1011 2664 1132 2739; x_wconf 86' lang='lat' dir='ltr'>prope</span> <span class='ocrx_word' id='word_1_146' title='bbox 1148 2664 1210 2740; x_wconf 82' lang='lat' dir='ltr'>pot</span> 
     </span>
     <span class='ocr_line' id='line_1_21' title="bbox 162 2750 1210 2854; baseline 0 -30"><span class='ocrx_word' id='word_1_147' title='bbox 162 2769 235 2824; x_wconf 89' lang='lat' dir='ltr'>tam</span> <span class='ocrx_word' id='word_1_148' title='bbox 265 2750 379 2826; x_wconf 89' lang='lat' dir='ltr'>oculis</span> <span class='ocrx_word' id='word_1_149' title='bbox 408 2752 570 2850; x_wconf 85' lang='lat' dir='ltr'>privatus</span> <span class='ocrx_word' id='word_1_150' title='bbox 596 2766 663 2825; x_wconf 91' lang='lat' dir='ltr'>est.</span> <span class='ocrx_word' id='word_1_151' title='bbox 695 2752 896 2827; x_wconf 84' lang='lat' dir='ltr'>Pertinacia</span> <span class='ocrx_word' id='word_1_152' title='bbox 926 2752 1082 2826; x_wconf 77' lang='lat' dir='ltr'>furentis</span> <span class='ocrx_word' id='word_1_153' title='bbox 1112 2780 1210 2854; x_wconf 85' lang='lat' dir='ltr'>popu</span> 
     </span>
     <span class='ocr_line' id='line_1_22' title="bbox 162 2856 1210 2972; baseline 0 -28"><span class='ocrx_word' id='word_1_154' title='bbox 162 2856 266 2944; x_wconf 86' lang='lat' dir='ltr'>nullo</span> <span class='ocrx_word' id='word_1_155' title='bbox 288 2871 439 2957; x_wconf 87' lang='lat' dir='ltr'>timore,</span> <span class='ocrx_word' id='word_1_156' title='bbox 461 2897 529 2945; x_wconf 90' lang='lat' dir='ltr'>nec</span> <span class='ocrx_word' id='word_1_157' title='bbox 549 2870 621 2943; x_wconf 83' lang='lat' dir='ltr'>ulla</span> <span class='ocrx_word' id='word_1_158' title='bbox 642 2870 868 2972; x_wconf 79' lang='lat' dir='ltr'>reliquorum</span> <span class='ocrx_word' id='word_1_159' title='bbox 888 2869 1056 2945; x_wconf 87' lang='lat' dir='ltr'>obsidum</span> <span class='ocrx_word' id='word_1_160' title='bbox 1078 2871 1210 2946; x_wconf 81' lang='lat' dir='ltr'>{lectito</span> 
     </span>
     <span class='ocr_line' id='line_1_23' title="bbox 163 2986 1210 3091; baseline 0 -30"><span class='ocrx_word' id='word_1_161' title='bbox 163 2989 411 3075; x_wconf 82' lang='lat' dir='ltr'>miseratione3</span> <span class='ocrx_word' id='word_1_162' title='bbox 430 2986 491 3060; x_wconf 87' lang='lat' dir='ltr'>sed</span> <span class='ocrx_word' id='word_1_163' title='bbox 507 2989 648 3059; x_wconf 84' lang='lat' dir='ltr'>acuitur</span> <span class='ocrx_word' id='word_1_164' title='bbox 665 2986 709 3060; x_wconf 89' lang='lat' dir='ltr'>ad</span> <span class='ocrx_word' id='word_1_165' title='bbox 724 2986 983 3061; x_wconf 82' lang='lat' dir='ltr'>defensandum</span> <span class='ocrx_word' id='word_1_166' title='bbox 1001 3013 1060 3080; x_wconf 89' lang='lat' dir='ltr'>se,</span> <span class='ocrx_word' id='word_1_167' title='bbox 1082 3014 1210 3091; x_wconf 82' lang='lat' dir='ltr'>suosqu</span> 
     </span>
     <span class='ocr_line' id='line_1_24' title="bbox 163 3103 1210 3181; baseline 0 -1"><span class='ocrx_word' id='word_1_168' title='bbox 163 3109 253 3180; x_wconf 76' lang='lat' dir='ltr'>iares</span> <span class='ocrx_word' id='word_1_169' title='bbox 284 3121 358 3179; x_wconf 88' lang='lat' dir='ltr'>tota</span> <span class='ocrx_word' id='word_1_170' title='bbox 389 3103 647 3178; x_wconf 88' lang='lat' dir='ltr'>obstinatione.</span> <span class='ocrx_word' id='word_1_171' title='bbox 678 3107 752 3180; x_wconf 84' lang='lat' dir='ltr'>Rex</span> <span class='ocrx_word' id='word_1_172' title='bbox 779 3122 899 3179; x_wconf 88' lang='lat' dir='ltr'>autem</span> <span class='ocrx_word' id='word_1_173' title='bbox 929 3104 1079 3179; x_wconf 84' lang='lat' dir='ltr'>sortiter</span> <span class='ocrx_word' id='word_1_174' title='bbox 1107 3106 1210 3181; x_wconf 77' lang='lat' dir='ltr'>urbes</span> 
     </span>
     <span class='ocr_line' id='line_1_25' title="bbox 164 3219 1210 3321; baseline -0.005 -23"><span class='ocrx_word' id='word_1_175' title='bbox 164 3221 353 3298; x_wconf 90' lang='lat' dir='ltr'>obsidione</span> <span class='ocrx_word' id='word_1_176' title='bbox 372 3219 578 3306; x_wconf 86' lang='lat' dir='ltr'>concludit,</span> <span class='ocrx_word' id='word_1_177' title='bbox 599 3221 747 3293; x_wconf 77' lang='lat' dir='ltr'>militari</span> <span class='ocrx_word' id='word_1_178' title='bbox 770 3221 912 3295; x_wconf 84' lang='lat' dir='ltr'>feritate</span> <span class='ocrx_word' id='word_1_179' title='bbox 931 3220 1088 3310; x_wconf 85' lang='lat' dir='ltr'>invadit,</span> <span class='ocrx_word' id='word_1_180' title='bbox 1112 3237 1152 3296; x_wconf 85' lang='lat' dir='ltr'>et</span> <span class='ocrx_word' id='word_1_181' title='bbox 1174 3246 1210 3321; x_wconf 76' lang='lat' dir='ltr'>pt</span> 
     </span>
     <span class='ocr_line' id='line_1_26' title="bbox 164 3335 1210 3441; baseline -0.005 -27"><span class='ocrx_word' id='word_1_182' title='bbox 164 3341 342 3441; x_wconf 76' lang='lat' dir='ltr'>plurimos</span> <span class='ocrx_word' id='word_1_183' title='bbox 355 3339 429 3411; x_wconf 86' lang='lat' dir='ltr'>dies</span> <span class='ocrx_word' id='word_1_184' title='bbox 448 3335 582 3410; x_wconf 85' lang='lat' dir='ltr'>obnixe</span> <span class='ocrx_word' id='word_1_185' title='bbox 601 3339 727 3437; x_wconf 86' lang='lat' dir='ltr'>satagit</span> <span class='ocrx_word' id='word_1_186' title='bbox 744 3338 837 3411; x_wconf 84' lang='lat' dir='ltr'>cives</span> <span class='ocrx_word' id='word_1_187' title='bbox 853 3337 1006 3438; x_wconf 85' lang='lat' dir='ltr'>desuper</span> <span class='ocrx_word' id='word_1_188' title='bbox 1025 3337 1210 3439; x_wconf 75' lang='lat' dir='ltr'>impugnat</span> 
     </span>
     <span class='ocr_line' id='line_1_27' title="bbox 165 3432 1210 3553; baseline -0.004 -24"><span class='ocrx_word' id='word_1_189' title='bbox 165 3472 201 3530; x_wconf 93' lang='lat' dir='ltr'>et</span> <span class='ocrx_word' id='word_1_190' title='bbox 229 3432 362 3528; x_wconf 66' lang='lat' dir='ltr'>sunu?</span> <span class='ocrx_word' id='word_1_191' title='bbox 381 3479 526 3525; x_wconf 88' lang='lat' dir='ltr'>murum</span> <span class='ocrx_word' id='word_1_192' title='bbox 550 3451 741 3526; x_wconf 77' lang='lat' dir='ltr'>suffodere.</span> <span class='ocrx_word' id='word_1_193' title='bbox 767 3456 837 3551; x_wconf 81' lang='lat' dir='ltr'>(a).</span> <span class='ocrx_word' id='word_1_194' title='bbox 855 3451 1018 3525; x_wconf 83' lang='lat' dir='ltr'>Tandem</span> <span class='ocrx_word' id='word_1_195' title='bbox 1037 3454 1210 3553; x_wconf 70' lang='lat' dir='ltr'>municipi</span> 
     </span>
     <span class='ocr_line' id='line_1_28' title="bbox 167 3569 1210 3675; baseline -0.006 -28"><span class='ocrx_word' id='word_1_196' title='bbox 167 3575 303 3675; x_wconf 80' lang='lat' dir='ltr'>ingenti</span> <span class='ocrx_word' id='word_1_197' title='bbox 329 3572 488 3646; x_wconf 89' lang='lat' dir='ltr'>hostium</span> <span class='ocrx_word' id='word_1_198' title='bbox 514 3572 682 3651; x_wconf 88' lang='lat' dir='ltr'>instantia</span> <span class='ocrx_word' id='word_1_199' title='bbox 709 3569 797 3643; x_wconf 76' lang='lat' dir='ltr'>utile</span> <span class='ocrx_word' id='word_1_200' title='bbox 822 3570 1015 3644; x_wconf 80' lang='lat' dir='ltr'>consilium</span> <span class='ocrx_word' id='word_1_201' title='bbox 1042 3570 1210 3645; x_wconf 77' lang='lat' dir='ltr'>coactio</span> 
     </span>
     <span class='ocr_line' id='line_1_29' title="bbox 166 3686 1210 3792; baseline -0.006 -28"><span class='ocrx_word' id='word_1_202' title='bbox 166 3695 294 3792; x_wconf 86' lang='lat' dir='ltr'>piunt,</span> <span class='ocrx_word' id='word_1_203' title='bbox 312 3690 356 3762; x_wconf 89' lang='lat' dir='ltr'>ad</span> <span class='ocrx_word' id='word_1_204' title='bbox 372 3688 659 3787; x_wconf 86' lang='lat' dir='ltr'>deprecationem</span> <span class='ocrx_word' id='word_1_205' title='bbox 673 3688 912 3775; x_wconf 89' lang='lat' dir='ltr'>descendunt,</span> <span class='ocrx_word' id='word_1_206' title='bbox 927 3703 965 3760; x_wconf 89' lang='lat' dir='ltr'>et</span> <span class='ocrx_word' id='word_1_207' title='bbox 979 3686 1210 3762; x_wconf 81' lang='lat' dir='ltr'>formosissim</span> 
     </span>
     <span class='ocr_line' id='line_1_30' title="bbox 162 3807 1210 3907; baseline -0.002 -27"><span class='ocrx_word' id='word_1_208' title='bbox 162 3813 355 3907; x_wconf 86' lang='lat' dir='ltr'>juventus,</span> <span class='ocrx_word' id='word_1_209' title='bbox 378 3810 603 3905; x_wconf 84' lang='lat' dir='ltr'>majoresque</span> <span class='ocrx_word' id='word_1_210' title='bbox 621 3822 708 3878; x_wconf 79' lang='lat' dir='ltr'>aratu</span> <span class='ocrx_word' id='word_1_211' title='bbox 727 3832 809 3878; x_wconf 91' lang='lat' dir='ltr'>cum</span> <span class='ocrx_word' id='word_1_212' title='bbox 828 3807 926 3880; x_wconf 80' lang='lat' dir='ltr'>ciero</span> <span class='ocrx_word' id='word_1_213' title='bbox 941 3820 1105 3906; x_wconf 74' lang='lat' dir='ltr'>gestame</span> <span class='ocrx_word' id='word_1_214' title='bbox 1122 3829 1210 3879; x_wconf 72' lang='lat' dir='ltr'>sacar</span> 
     </span>
     <span class='ocr_line' id='line_1_31' title="bbox 167 3920 1210 4022; baseline -0.002 -27"><span class='ocrx_word' id='word_1_215' title='bbox 167 3923 280 3997; x_wconf 84' lang='lat' dir='ltr'>libros</span> <span class='ocrx_word' id='word_1_216' title='bbox 296 3940 331 3996; x_wconf 88' lang='lat' dir='ltr'>ct</span> <span class='ocrx_word' id='word_1_217' title='bbox 350 3920 551 4020; x_wconf 88' lang='lat' dir='ltr'>hujusmodi</span> <span class='ocrx_word' id='word_1_218' title='bbox 569 3939 761 4008; x_wconf 83' lang='lat' dir='ltr'>omatom,</span> <span class='ocrx_word' id='word_1_219' title='bbox 785 3922 828 3994; x_wconf 85' lang='lat' dir='ltr'>ad</span> <span class='ocrx_word' id='word_1_220' title='bbox 847 3949 966 4022; x_wconf 79' lang='lat' dir='ltr'>regem</span> <span class='ocrx_word' id='word_1_221' title='bbox 983 3939 1132 3995; x_wconf 70' lang='lat' dir='ltr'>meunt.</span> <span class='ocrx_word' id='word_1_222' title='bbox 1152 3924 1210 3995; x_wconf 65' lang='lat' dir='ltr'>Pru</span> 
     </span>
    </p>
   </div>
   <div class='ocr_carea' id='block_1_3' title="bbox 203 4192 701 4266">
    <p class='ocr_par' dir='ltr' id='par_1_4' title="bbox 203 4192 701 4266">
     <span class='ocr_line' id='line_1_32' title="bbox 203 4192 701 4266; baseline -0.008 -16"><span class='ocrx_word' id='word_1_223' title='bbox 203 4200 212 4265; x_wconf 70' lang='grc' dir='ltr'><em>ζ</em></span> <span class='ocrx_word' id='word_1_224' title='bbox 220 4200 241 4266; x_wconf 87' lang='grc' dir='ltr'>ι)</span> <span class='ocrx_word' id='word_1_225' title='bbox 262 4197 296 4250; x_wconf 75' lang='lat' dir='ltr'>Le</span> <span class='ocrx_word' id='word_1_226' title='bbox 309 4197 383 4266; x_wconf 71' lang='lat' dir='ltr'>siege</span> <span class='ocrx_word' id='word_1_227' title='bbox 395 4193 464 4247; x_wconf 76' lang='lat' dir='ltr'>dura</span> <span class='ocrx_word' id='word_1_228' title='bbox 477 4192 601 4248; x_wconf 82' lang='lat' dir='ltr'>dix-buit</span> <span class='ocrx_word' id='word_1_229' title='bbox 614 4194 701 4264; x_wconf 83' lang='lat' dir='ltr'>jours.</span> 
     </span>
    </p>
   </div>
   <div class='ocr_carea' id='block_1_4' title="bbox 0 0 1391 5094">
    <p class='ocr_par' dir='ltr' id='par_1_5' title="bbox 0 0 1391 5094">
     <span class='ocr_line' id='line_1_33' title="bbox 0 0 1391 5094; baseline 0 0"><span class='ocrx_word' id='word_1_230' title='bbox 0 0 1391 5094; x_wconf 95' lang='lat' dir='ltr'> </span> 
     </span>
    </p>
   </div>
  </div>
 </body>
</html>
