2768 5094
20 393 230 471 [sonuisse]
396 391 511 456 sinen
533 394 710 456 munus.
1033 404 1092 463 ssu

19 515 131 588 nerio
154 511 273 611 abbati
305 536 390 584 xutv
416 513 524 587 libras
555 515 715 618 Angtice
746 535 906 594 mouetae
926 538 972 594 »et
1001 522 1093 598 duos

18 633 103 704 suri
130 656 270 708 maneos
293 633 471 733 erogavit,
490 648 527 706 et
549 635 781 733 postmodum
800 637 845 712 de
870 638 994 712 Guntia
1028 665 1095 740 per

16 747 202 821 domnum
219 749 414 848 bogerium
422 747 467 823 de
479 750 617 850 Sappo,
635 753 698 853 qui
709 749 777 825 sibi
788 780 856 854 pro
872 756 1019 828 scientia
1036 756 1095 830 lit·

18 881 185 938 terarum
202 880 311 938 notus
328 882 364 939 et
379 867 513 940 amicus
525 884 621 956 erat,
649 894 695 941 xu
720 869 829 942 libras
852 872 1094 946 sterilensium

16 985 137 1057 misit.
166 985 229 1055 llis
259 984 369 1082 igitur
388 983 479 1057 datis
504 985 664 1060 ecelesise
693 989 804 1063 turris
827 1006 942 1063 erecta
961 1003 1032 1077 est,
1057 1006 1094 1065 et

16 1096 229 1174 monachile
259 1098 517 1172 dormitorium
545 1117 794 1175 constructum
819 1119 884 1176 est.
913 1103 1096 1178 Matbildis

17 1241 113 1290 vero
142 1216 261 1314 repvina
292 1217 487 1314 preciosam
517 1217 669 1290 insulam
697 1218 815 1307 dedit,
835 1234 871 1293 et
888 1219 1094 1320 cappamad

16 1333 89 1405 Ilei
124 1333 328 1420 servitium,
366 1349 403 1406 et
428 1349 575 1407 centum
602 1332 710 1407 libras
741 1334 1024 1411 llodomensinm
1050 1339 1094 1411 sd

17 1449 203 1552 sgendm
233 1448 422 1523 tricorium
453 1452 522 1550 (r)
548 1451 761 1525 Willermus
782 1470 902 1527 autem
925 1454 970 1529 de
1000 1457 1092 1548 llos,

17 1568 227 1640 Baiooensis
242 1566 391 1641 clericus
405 1568 421 1666 (
429 1567 490 1667 qui
512 1569 548 1640 in
567 1567 688 1642 eudem
703 1570 848 1643 eeclesia
866 1571 1000 1670 triplici
1016 1589 1093 1647 erat

19 1681 167 1756 bonore
195 1680 395 1781 preditus:
424 1697 501 1756 erat
532 1684 630 1757 enim
660 1702 789 1761 oantor
811 1700 849 1759 et
877 1685 1031 1759 decanus
1055 1704 1093 1761 et

20 1798 313 1897 archidiaconus)
323 1801 391 1899 (a),
406 1825 451 1872 xu
464 1800 572 1874 libms
589 1802 829 1876 sterilensium
839 1802 1093 1879 deditUtloeu·

22 1917 136 1993 sibus.
158 1919 227 2010 Qui
247 1943 323 1991 uon
340 1918 458 1993 multo
478 1935 561 2018 post
577 1920 696 1992 saeculi
717 1945 864 2020 pompas
884 1940 1014 2021 sponte
1031 1949 1093 2017 re·

23 2036 196 2136 linquens
220 2033 448 2108 cadomensis
474 2035 671 2108 monachus
695 2035 809 2109 suctus
830 2053 902 2126 est,
931 2053 967 2110 et
989 2038 1092 2127 inde,

20 2154 236 2252 priusquam
252 2177 366 2224 unum
385 2176 521 2223 annum
540 2151 576 2223 in
594 2150 810 2225 monachatu
827 2152 1032 2253 perliceret,
1050 2154 1094 2228 ad

22 2270 273 2344 fiscannensis
291 2267 451 2343 coenobii
471 2269 630 2369 regimen
649 2287 850 2369 assumptus
869 2287 935 2345 est.
952 2271 1095 2348 Nomen

24 2391 101 2485 rjus
118 2412 188 2487 pro
212 2385 335 2459 multis
352 2385 557 2474 beneficiis,
576 2412 659 2487 quse
675 2385 905 2460 Uticensibus
918 2389 1094 2481 contulit,

26 2506 63 2578 in
84 2504 209 2578 rotulo
226 2504 381 2605 generali
404 2506 579 2604 scriptum
597 2520 667 2592 est,
686 2520 722 2577 et
737 2531 807 2605 pro
831 2506 909 2606 ipso
922 2507 1044 2580 missas
1060 2522 1098 2584 et

25 2623 211 2694 orationes
226 2636 262 2693 et
278 2621 519 2722 eleemosynas
535 2622 628 2692 sicut
648 2646 716 2720 pro
737 2621 916 2696 monacho
935 2621 1097 2722 professo

26 2765 177 2839 prorsus
200 2741 254 2840 agi
274 2753 447 2811 statutum
469 2753 536 2810 est.
562 2738 730 2810 Plurimis
757 2739 876 2839 itaque
895 2738 1097 2814 fautoribus

27 2884 136 2930 norm
146 2855 298 2930 basilice
310 2855 442 2929 febrim
455 2854 642 2927 sublimatu
655 2870 724 2941 est,
745 2870 781 2928 et
793 2858 992 2954 inemptum
1006 2881 1096 2956 opus

29 2989 100 3044 tam
128 2972 284 3046 ecclesie
302 2998 412 3072 quum
428 2969 620 3044 domorum
644 2968 906 3044 honorabiliter
926 2995 1093 3044 consum·

27 3105 164 3160 matum
185 3104 248 3163 est.

77 3209 258 3308 Tempore
281 3207 464 3306 regiminis
490 3206 655 3278 Maluerii
686 3204 823 3277 abbatis
850 3229 896 3277 xc
926 3202 1093 3278 monachi

24 3325 176 3397 diremae
206 3324 389 3423 qualitatis
417 3340 453 3397 et
485 3322 703 3396 conditionis
731 3326 913 3422 (quorum
945 3323 1094 3395 nomina

25 3444 231 3541 conscripta
251 3458 337 3513 sunt
359 3443 394 3514 iu
417 3441 601 3514 volumine
624 3439 797 3539 generalis
817 3436 1092 3537 descriptionis)

26 3557 233 3629 secularem
261 3554 422 3630 habitum
452 3558 488 3629 in
513 3556 670 3629 Uticensi
696 3554 816 3628 schola
841 3554 1091 3655 reliquerunt,

23 3690 60 3743 et
87 3674 261 3746 instinctu
288 3671 527 3772 laudabilique
549 3671 731 3744 bonorum
758 3669 923 3770 exemplo
947 3697 1013 3769 per
1031 3696 1095 3743 ar-

59 3993 84 4040 is
94 4002 99 4049 Γ
121 3987 158 4040 lae
171 3986 315 4041 miss

58 4089 100 4140 ‘af
119 4076 281 4130 Gusllsums
295 4076 329 4128 ds
352 4075 422 4136 llos,
438 4077 578 4129 troisse-suc
597 4072 668 4128 abbe
683 4071 719 4129 ds
739 4074 856 4146 Fe'eamp
875 4077 885 4130 l
891 4071 1009 4146 imp-26
1023 4089 1097 4127 mars

28 4174 96 4218 ssot‘
113 4210 117 4216 .

102 4279 141 4323 u.
926 4278 952 4347 9
