2768 5094
156 419 265 493 {roes}
535 414 650 477 nam
673 413 867 490 Qusnrus.
1172 420 1224 479 nn

159 533 259 604 tinus
275 531 442 630 princeps
455 530 659 603 moderatus
673 531 857 605 humiliter
873 536 1062 631 prostratis
1076 533 1231 607 clemen·

159 666 214 724 ter
239 649 422 748 pepercit,
445 648 634 722 confitenti
657 649 794 748 populo
821 663 939 722 reatus
964 648 1137 740 indulsit,
1161 652 1230 723 acsi

158 768 327 839 nescisset
341 763 441 864 quod
456 764 506 837 illi
520 767 637 838 eidem
652 781 821 865 proterve
835 766 1059 853 restiterant,
1080 782 1117 839 et
1133 766 1233 868 quod

159 881 337 956 militibus
359 882 555 956 crudeliter
573 899 610 957 et
635 883 895 958 contumeliose
914 883 1121 970 illuserant,
1141 909 1233 986 quos

158 1003 233 1099 ipse
254 1002 299 1074 de
317 1001 540 1074 Normannia
559 1002 724 1088 miserat,
748 1017 785 1074 et
808 1017 997 1100 tempestas
1017 1000 1060 1072 ad
1084 1015 1234 1100 portum

158 1119 308 1193 illorum
338 1119 537 1219 appulerat.
570 1120 704 1192 Exonii
732 1116 908 1219 gaudent,
938 1136 1127 1220 gratesque
1156 1120 1234 1193 Deo

157 1236 345 1323 referunt,
365 1236 463 1338 quod
482 1253 564 1337 post
583 1252 638 1309 tot
659 1239 749 1328 iras,
769 1234 1019 1339 terribilesque
1039 1237 1154 1309 minas
1170 1263 1233 1336 spe

157 1352 288 1425 melius
306 1353 517 1451 alienigenae
541 1353 615 1453 regi
641 1353 815 1452 pacificati
841 1368 939 1426 sunt.
966 1352 1042 1426 llex
1065 1368 1187 1426 autem
1213 1378 1233 1425 a

157 1466 267 1542 rebus
281 1495 408 1542 eorum
422 1466 618 1562 abstinuit,
634 1484 670 1543 et
687 1486 809 1569 portas
823 1467 922 1542 urbis
938 1470 1078 1544 valente
1093 1469 1234 1570 fidaque

156 1585 319 1659 custodia
335 1586 514 1675 munivit,
535 1613 582 1659 ne
599 1587 751 1686 gregarii
776 1586 910 1661 milites
931 1602 1080 1687 repente
1099 1586 1234 1660 introi-

157 1716 261 1788 rent,
277 1717 313 1774 et
330 1702 499 1801 pecunias
515 1703 649 1775 civium
665 1703 845 1777 violenter
861 1703 1074 1803 diriperent.
1095 1703 1233 1776 locum

158 1846 247 1893 vero
271 1823 364 1893 intra
388 1822 524 1894 moenia
545 1821 589 1893 ad
610 1820 851 1896 extruendum
871 1821 1055 1894 castellum
1079 1820 1231 1920 delegit,

160 1934 283 2037 ibique
293 1937 509 2011 balduinum
517 1937 562 2011 de
572 1938 678 2011 Molis
688 1938 804 2011 filium
812 1937 1002 2013 Gisleberti
1014 1939 1231 2033 comitis(1),

158 2054 320 2154 aliosque
336 2055 469 2129 milites
493 2056 696 2155 praecipuos
715 2055 886 2156 reliquit,
907 2056 970 2153 qui
996 2054 1233 2128 necessarium

158 2196 252 2269 opus
269 2170 511 2256 conficerent,
532 2168 772 2271 praesidioque
788 2185 991 2242 manerent.
1014 2171 1091 2268 lpse
1111 2185 1232 2268 postea

159 2287 198 2357 in
212 2285 338 2358 Cornu
353 2286 552 2360 Britanniis
566 2288 621 2383 (a)
636 2286 786 2359 ulterius
803 2283 1059 2359 contendebat.
1074 2286 1233 2385 Compo-

159 2403 230 2473 sito
249 2400 382 2503 ubique
408 2419 532 2491 motu,
551 2428 660 2502 quem
678 2400 936 2502 deprehendit,
956 2401 1156 2474 exercitum
1173 2400 1234 2473 di-

159 2520 284 2603 misit,
315 2535 352 2592 et
376 2517 555 2593 Gnentam
586 2522 641 2616 (3)
669 2520 935 2593 advocandum
961 2520 1045 2591 illuc
1076 2518 1233 2592 Paschali

158 2637 253 2710 sesto
272 2637 391 2710 rediit.

210 2754 319 2825 Anno
332 2753 378 2825 ab
392 2755 642 2827 incarnatione
658 2755 803 2827 Domini
819 2770 977 2826 »ιωινιιι0
992 2754 1063 2849 (Δ),
1077 2751 1233 2824 Guillel-

159 2895 240 2941 mus
259 2896 320 2942 rex
339 2870 472 2969 legatos
492 2870 723 2945 honorabiles
741 2872 778 2944 in
796 2871 999 2944 Neustriam
1017 2869 1174 2954 direxit,
1196 2884 1232 2941 et

160 2983 372 3059 Malbildem
387 2989 576 3086 conjugem
588 3014 687 3060 suam
699 2987 743 3059 ad
756 3014 792 3060 se
804 2989 927 3059 venire
940 2987 1125 3085 praecepit.
1142 2985 1233 3059 Pro-

161 3104 261 3175 tinus
273 3102 331 3176 illa
344 3106 463 3177 mariti
474 3107 579 3202 jussis
591 3105 747 3180 libenter
756 3103 916 3179 obedivit
928 3158 938 3191 ,
951 3119 987 3177 et
998 3130 1081 3176 cum
1095 3104 1231 3205 ingenti

160 3220 363 3319 smpuentia
382 3223 545 3296 virorum
564 3250 606 3295 ac
627 3221 808 3296 nobilium
825 3223 1040 3296 seminarum
1060 3221 1233 3294 transfre-

161 3339 264 3409 tavit.
286 3340 325 3411 ln
345 3340 463 3424 clero,
483 3341 545 3440 qui
563 3341 606 3413 ad
624 3341 744 3414 divina
762 3342 794 3414 ci
813 3339 1063 3427 ministrabat,
1083 3337 1233 3413 celebris

158 3454 281 3529 Guido
299 3453 562 3532 Ambianorum
582 3457 713 3558 praesul
731 3455 926 3543 eminebat,
945 3459 1007 3557 qni
1021 3461 1094 3556 jam
1112 3471 1232 3529 certa·

159 3594 244 3641 men
276 3569 417 3643 lleraldi
446 3588 483 3644 et
511 3571 695 3645 Guillelmi
728 3571 888 3646 versifice
920 3571 1092 3645 ediderat.
1123 3571 1231 3646 Adel-

193 3842 201 3895 ξ
211 3847 233 3903 ι)
254 3836 397 3891 baudonius
407 3838 443 3891 de
455 3838 573 3903 nnius,
589 3839 630 3893 nn
644 3839 679 3892 dr
692 3838 833 3893 Gislebert
847 3850 938 3893 comte
951 3839 986 3894 de
1001 3839 1129 3894 llrionnr.

197 3934 234 3991 'uf
256 3927 291 3980 lc
301 3939 392 3981 comte
403 3928 437 3981 de
450 3928 650 3982 (mammillae

212 4014 233 4063 ἰ’
257 4017 444 4072 uincla-nn.

214 4110 234 4165 il
255 4106 340 4159 torn·
355 4119 462 4170 autent,
483 4127 537 4180 qam
553 4126 621 4161 notas
641 4126 723 4162 anons
738 4127 771 4160 tn
789 4107 926 4161 enda-mus
944 4128 1111 4163 ‹omrracnrcr
1130 4132 1143 4162 a
1165 4108 1230 4161 boel

159 4198 268 4247 l'snnrr
281 4197 461 4266 preminate.
475 4217 634 4255 tunamcncc
647 4198 756 4254 mlle-ct
770 4219 783 4252 a
798 4198 910 4271 tiques.
