2768 5094
151 387 210 449 4:18
427 387 610 448 HISTORIA
633 387 934 448 Eccuffilsstlcs.
1109 397 1196 473 [1¹1⁸]
1235 452 1239 457 ,

199 505 277 576 Fili
289 508 486 594 carissime,
503 532 607 604 quem
620 510 750 580 nutriet
747 506 950 600 deliciose,
963 507 1091 580 uolens
1105 509 1197 583 lton·

76 633 79 641 '
152 621 234 694 dem
251 639 284 693 et
299 647 537 695 successorem
554 648 668 695 meum
685 625 764 696 Deo
778 641 812 695 ct
826 622 1031 696 bominibus
1046 645 1199 727 accepta·

154 738 261 809 bilem
289 738 512 837 relinquere,·
538 764 635 811 nunc
668 766 711 812 ea
739 762 822 837 quar
847 755 881 811 te
908 765 1036 813 nwneo
1065 741 1200 815 demis·
1239 784 1249 817 ι

154 861 258 944 sime,
286 862 433 928 retineto
453 859 699 929 intenuNJssrme
722 858 769 928 In
787 861 916 959 primis
937 857 1060 929 Deum
1081 884 1203 959 sernpcr

155 988 188 1042 et
207 999 319 1072 super
336 975 461 1043 omnia
477 973 601 1071 dilige.
620 973 831 1072 Pontificem
850 990 951 1044 tuum
970 989 1004 1045 et
1025 1000 1155 1071 regem,
1173 992 1203 1047 tt
1247 1036 1249 1059 ;

151 1104 324 1186 patronos
352 1106 440 1177 tuos,
465 1091 561 1177 time,
587 1115 781 1174 cener·are;
805 1114 997 1187 eorumque
1010 1094 1202 1190 proeceptir,

151 1220 261 1301 prout
292 1206 444 1301 poteris,
479 1230 525 1275 ne
555 1204 781 1277 obliuiscaris
810 1204 969 1276 obedire.
996 1205 1071 1275 Pm
1098 1229 1205 1277 corum

149 1324 391 1418 prosperitate
413 1321 572 1419 quotidie
596 1322 715 1392 Deum
739 1321 951 1422 deprecare,
973 1338 1012 1391 ut
1034 1324 1167 1393 meritis
1181 1341 1207 1393 ct
1244 1332 1249 1363 '

157 1438 306 1508 tuitione
322 1437 405 1508 boni
414 1439 585 1538 praesulis
595 1465 726 1538 perpes
742 1439 845 1510 salus
862 1440 970 1510 detur
980 1441 1119 1510 artimoe
1131 1456 1207 1525 tua,
1247 1491 1249 1520 2

155 1569 189 1621 et
195 1552 350 1652 pacifici
364 1557 459 1653 regis
475 1554 717 1626 moderamine
724 1558 847 1654 possis
862 1555 1097 1654 temporalem
1112 1554 1210 1628 bono

156 1696 229 1740 rem
245 1674 365 1769 quiete
387 1689 420 1742 et
436 1674 538 1771 juste
553 1673 756 1772 possidere.
781 1671 1001 1743 Hominibus
1018 1676 1092 1744 tuis
1101 1672 1213 1765 fldem

157 1813 268 1883 quam
284 1787 391 1859 debes
407 1787 555 1875 exhibe,
575 1791 710 1885 eisque,
733 1813 806 1858 nan
828 1804 866 1858 ut
885 1803 1083 1883 tyrannus,
1103 1788 1169 1859 sed
1181 1806 1213 1859 ut

157 1905 254 1974 mitis
260 1919 442 2002 patronus
448 1957 461 1992 ,
481 1903 681 1974 dominare.
701 1903 912 1974 Dominium
927 1919 1028 1974 tuum
1041 1904 1081 1973 in
1101 1906 1213 2001 agn's,

156 2018 373 2104 nemoribus,
389 2023 504 2117 pratis
521 2033 555 2089 et
567 2021 682 2090 cineis
694 2017 894 2118 prudenter
909 2044 1095 2105 conserva,
1114 2018 1215 2090 aliis·

158 2162 227 2233 que
237 2135 365 2208 dando
378 2139 538 2207 minuere
552 2137 684 2207 devita.
699 2138 868 2236 Rapinas
880 2134 960 2207 noli
970 2137 1216 2230 exercermju·

158 2278 213 2322 res
229 2270 262 2322 et
285 2269 448 2352 raptores
464 2279 490 2323 a
508 2269 540 2324 te
555 2255 703 2352 penitus
721 2250 841 2348 abige.
862 2253 935 2323 Res
953 2268 1036 2322 tuas
1061 2251 1217 2349 legitime

157 2367 318 2451 custodi,
339 2384 373 2438 et
398 2393 452 2438 res
473 2367 615 2440 alienos
630 2395 701 2468 per
715 2366 927 2439 uiolentiam
946 2383 980 2437 et
999 2369 1216 2439 invasionem

159 2482 281 2554 tollere
296 2485 381 2553 noli.
405 2485 473 2554 His
490 2510 617 2584 nempe
637 2483 741 2555 rebus
767 2488 864 2555 venit
885 2484 960 2571 ira,
980 2482 1118 2554 deinde
1138 2483 1216 2554 dis-

160 2599 311 2684 cordia;
340 2620 540 2697 sequuntur
568 2601 780 2689 latrocinia,
812 2601 932 2674 coedcs
961 2617 996 2671 et
1023 2600 1216 2686 incentu,

159 2717 298 2788 damna
321 2734 354 2787 et
376 2717 596 2804 homicidia,
622 2718 754 2790 etalio
777 2718 877 2789 mala
891 2719 994 2815 fiunt
1015 2719 1216 2788 innumera.

160 2834 316 2935 Sapiens
341 2851 414 2923 cst,
437 2839 501 2933 qui
526 2861 659 2908 causas
686 2836 883 2925 naturum,
904 2860 988 2934 qua
1012 2835 1113 2906 uidet
1133 2834 1219 2906 aliis

158 2955 307 3038 euenire,
327 2977 372 3023 nc
388 2952 461 3023 sibi
476 2957 701 3052 contingant,
717 2957 784 3024 scit
795 2978 1010 3054 praeterere.
1027 2952 1125 3024 Hac
1140 2978 1220 3023 mea

159 3069 304 3142 custodi
325 3069 452 3141 ultima
474 3071 666 3141 mandata.
695 3072 850 3142 Matrem
873 3087 1034 3143 nostram
1055 3087 1220 3142 sanctam

161 3186 367 3258 Ecclesiam
386 3212 526 3286 semper
539 3187 655 3285 dilige
671 3205 704 3257 et
712 3190 923 3286 frequenta.
951 3185 1113 3258 Verbum
1130 3187 1203 3258 Dei
1206 3243 1217 3272 ,

90 3312 95 3324 ’
160 3305 262 3402 quod
273 3304 375 3376 cibus
389 3321 441 3376 est
454 3308 588 3375 anima
600 3309 733 3393 etoile,
748 3307 892 3394 missas,
907 3303 1139 3403 debitumque
1151 3303 1222 3374 Dei

159 3421 340 3489 servitium
371 3419 531 3518 quotidie
559 3436 752 3491 reverenter
778 3419 962 3490 ausculta.
994 3419 1123 3491 Servos
1151 3419 1222 3489 Da·

160 3534 278 3606 verbis
291 3552 326 3606 et
338 3535 505 3635 operibus
521 3536 676 3620 bonoim·
691 3539 852 3608 macime
863 3535 1031 3608 dominos
1042 3553 1077 3607 et
1078 3536 1219 3631 fratres

159 3670 297 3725 nostros
323 3653 529 3742 monachos,
557 3653 666 3752 liujus
690 3653 868 3725 Ecclesia
894 3655 1092 3741 ministm,
1112 3668 1221 3753 prout

158 3773 304 3869 poteris,
319 3795 491 3841 venerare
503 3787 536 3840 et
552 3770 714 3868 adjura,·
729 3769 879 3841 consilio
893 3785 925 3840 ct
941 3767 1085 3839 artailio
1102 3783 1176 3852 tuo,
1191 3771 1220 3838 si

160 3913 302 3958 necesse
323 3886 524 3975 habuerint,
540 3904 712 3958 sustenta.
737 3889 821 3975 Res,
843 3912 934 3985 quas
947 3903 1058 3986 pater
1074 3911 1174 3956 meus
1190 3900 1221 3955 ct

160 4029 228 4098 ego
253 4003 418 4075 dedimus
445 4007 495 4076 cis
523 4030 593 4102 pm
622 4022 742 4075 nostra
773 4003 912 4086 salute,
944 4003 1042 4072 utin
1069 4026 1167 4100 pace
1191 4016 1221 4069 et

161 4123 275 4215 qur'rtr
296 4117 453 4191 lrabeaut
477 4119 625 4191 libenter
645 4119 812 4191 concede.
840 4120 897 4189 De
919 4117 1022 4188 rebus
1042 4133 1077 4186 et
1098 4115 1219 4188 reddi-
