2768 5094
273 347 314 408 ιι
552 346 736 408 nrsroara
758 344 1064 409 secessusnca.
1140 350 1339 426 [insana

275 465 441 541 Tradunt
462 466 611 566 qnidam
628 465 727 567 quod
744 467 797 538 vis
814 465 966 553 veneni,
986 491 1062 566 qno
1082 464 1181 541 idem
1206 467 1341 541 interie-

274 598 348 673 rat,
359 610 507 658 omnem
521 583 684 657 defuncti
699 581 878 657 cadaveris
893 583 1084 660 humorem
1096 585 1341 671 exsiccaverat,

275 700 428 801 ideoque
457 701 578 775 nullus
602 702 686 775 inde
708 701 822 776 soetor
845 701 1014 775 vivorum
1038 701 1190 777 naribus
1219 701 1342 777 effundi

274 815 425 890 moleste
442 832 598 916 poterat.

323 933 511 1008 Redeunte
530 933 573 1007 ad
591 932 754 1008 naturale
766 936 825 1032 jus
842 931 1005 1007 Ernaldo
1021 932 1214 1009 Uticenses
1231 960 1344 1012 mona·

273 1048 332 1123 chi
350 1051 461 1151 gavisi
479 1070 585 1141 sunt,
607 1071 643 1127 et
663 1053 702 1125 in
724 1052 862 1125 vicinos
880 1051 1095 1142 insolentes,
1113 1053 1178 1152 qui
1199 1053 1345 1127 inerms
1376 1126 1379 1133 .

275 1168 406 1266 injuste
429 1167 704 1270 opprimebant,
730 1169 826 1243 illius
848 1194 918 1268 ope
941 1169 1050 1242 erecti
1071 1184 1174 1243 sunt.
1194 1170 1346 1269 Tempu
1377 1176 1382 1211 ⁸

273 1282 376 1359 ribus
392 1285 580 1360 'leuderici
599 1284 739 1359 abbatis
756 1299 793 1360 et
819 1282 995 1359 Radberri
1024 1287 1242 1361 successoris
1258 1288 1346 1384 ejus,

275 1401 460 1478 Baldricus
486 1420 523 1478 et
545 1404 731 1504 Wigerius
749 1404 794 1478 de
815 1402 1026 1502 Balgenzaio
1053 1417 1089 1477 et
1111 1401 1285 1481 homines
1301 1405 1348 1477 sni

276 1536 413 1595 nontra·
429 1521 625 1597 monachos
651 1522 850 1596 insolenter
874 1518 1051 1620 agebant,
1070 1537 1108 1598 et
1132 1545 1210 1593 non
1238 1519 1349 1595 solum

275 1639 326 1713 eis
346 1655 387 1713 nt
401 1639 567 1721 ,dominis
587 1642 698 1738 (non)
720 1636 958 1725 obediebant,
974 1638 1212 1711 verumetiam
1234 1638 1350 1738 pluri·

275 1755 344 1827 mis
367 1755 680 1856 inquietudinibus
704 1758 799 1854 ipsos
824 1755 1059 1854 hominesque
1076 1779 1208 1828 eorum
1222 1756 1351 1855 sepius

275 1870 553 1946 contristabant.
584 1871 690 1967 Quod
718 1869 947 1960 Bodbertns,
975 1884 1170 1970 postquam
1196 1869 1350 1945 abbatia

274 1991 436 2091 regimen
454 1991 627 2090 suseepit,
646 1991 784 2063 diutius
800 1988 897 2063 serae
915 1987 1105 2087 indignum
1120 1987 1243 2063 duxit.
1262 1989 1350 2063 Nam

275 2122 423 2208 accepto
438 2107 595 2182 fratrum
611 2109 765 2184 consilio
782 2109 951 2207 praelatos
963 2105 1116 2181 rebelles
1130 2134 1201 2207 pro
1217 2123 1351 2183 eontu-

277 2226 390 2297 macia
404 2224 567 2298 Ernaldo
581 2225 850 2322 consanguineo
864 2249 929 2296 suo
944 2220 1110 2309 tradidit,
1126 2239 1167 2297 nt
1182 2224 1260 2324 ipse
1274 2249 1351 2300 uer·

277 2340 501 2414 vicosintem
513 2366 641 2414 eorum
650 2393 661 2429 ,
678 2341 742 2441 qui
759 2338 1023 2413 monachornm
1037 2338 1351 2415 mansetudinem

276 2456 423 2558 pacifice
439 2459 513 2556 pati
532 2456 833 2558 dedignabantur,
847 2456 1020 2557 quamdiu
1036 2457 1186 2546 viveret,
1202 2459 1349 2533 militari

276 2600 388 2649 manu
409 2589 626 2674 protereret.
654 2574 703 2646 ht
726 2574 786 2648 ille
809 2574 933 2649 multis
955 2573 1176 2675 diversisque
1196 2576 1350 2651 servitiis

276 2716 338 2766 eos
350 2693 568 2793 aggravavit,
582 2707 617 2766 et
631 2691 725 2791 ipsos
740 2689 976 2791 hominesque
989 2715 1117 2767 eorum
1129 2692 1350 2768 munitiones

277 2835 356 2883 snas
365 2810 460 2909 apud
473 2810 691 2885 Escalsoium
705 2827 741 2883 et
757 2810 931 2883 Sanctum
946 2809 1158 2883 Serenieum
1169 2809 1350 2887 custodire

278 2929 408 3027 coegit.
431 2927 537 3002 Unde
562 2927 613 3000 illi
643 2925 872 3001 Rodbertum
895 2924 1062 3000 abbatem
1089 2943 1126 2999 et
1151 2926 1350 3003 monachos

277 3043 411 3121 obnixe
435 3047 619 3144 petierunt
641 3061 684 3116 ut
709 3045 840 3118 iterum
864 3044 1031 3142 potestati
1055 3068 1184 3118 eorum
1208 3045 1348 3121 restitui

277 3178 525 3250 mererentur,
540 3163 795 3262 promittentes
812 3162 862 3235 eis
877 3187 1025 3236 omnem
1037 3160 1304 3261 subjectionem
1315 3179 1349 3238 et

277 3281 578 3358 emendationem
594 3280 715 3355 Abbas
728 3305 816 3354 vero
832 3305 917 3352 cum
930 3277 1116 3355 monachis
1130 3305 1261 3355 eornm
1271 3307 1349 3382 pre·

278 3400 380 3476 cibus
398 3396 600 3502 adquievit,
623 3415 661 3473 et
676 3395 898 3486 Etnaldum,
922 3411 1042 3471 utens
1062 3395 1220 3470 ecclesiae
1241 3399 1349 3472 amvi·

279 3525 349 3590 tnti
363 3571 374 3605 ,
401 3545 484 3618 quae
516 3514 713 3591 humilibus
739 3530 777 3589 et
803 3514 996 3587 mansuetis
1022 3538 1105 3586 vere
1136 3509 1251 3590 libem
1274 3529 1346 3599 est,

277 3633 465 3723 redderet,
493 3636 612 3734 petiit.
644 3634 712 3708 His
735 3630 863 3706 diebus
886 3630 1064 3731 Rogerius
1087 3630 1349 3731 primogenitus

279 3749 473 3848 Eugennlfi
489 3750 534 3824 de
548 3748 678 3849 Aquila
695 3750 791 3822 lilius
807 3750 945 3823 occisus
962 3764 1028 3821 est.
1048 3747 1099 3819 De
1116 3749 1218 3846 cujus
1233 3760 1349 3824 morte

278 3865 506 3966 Engennllns
521 3881 559 3940 et
577 3864 796 3940 llichuereda
813 3892 905 3940 uxor
920 3868 995 3963 ejus
1010 3861 1112 3937 valde
1127 3863 1249 3939 afflicti
1268 3865 1351 3941 Uti-

280 4009 364 4056 cum
379 3996 578 4070 verterunt,
600 3997 637 4055 et
658 3979 875 4057 beneficium
892 3996 1001 4081 atque
1022 3980 1205 4057 orationes
1223 4007 1350 4059 mona·

282 4096 434 4171 chorum
453 4125 521 4199 pro
543 4124 626 4186 sua,
645 4096 784 4197 filiique
801 4099 852 4172 sui
877 4097 1019 4198 lingerii
1040 4096 1153 4171 salute
1167 4098 1351 4197 petienrnt
