2768 5094
389 402 505 466 monn
526 400 705 463 TERTIUS.
1036 406 1095 465 tou

66 531 226 602 loannes
247 526 501 626 Wigornensis
523 553 543 597 a
567 550 683 626 puero
704 523 922 612 monachus,
947 526 1096 603 natione

13 646 217 745 Anglicus,
238 639 402 717 morihus
424 657 461 717 et
483 639 687 717 eruditione
707 640 932 719 venerandus
940 696 952 731 ,
977 643 1014 716 in
1038 641 1095 719 his

10 792 103 867 quae
127 762 278 837 lllariani
305 762 402 836 Scoti
426 759 607 837 chronicis
634 759 779 860 adjecit,
808 757 854 834 de
877 787 961 861 rege
985 761 1096 836 Guil-

11 880 151 967 lelmo,
171 894 207 953 et
225 878 269 953 de
283 877 390 953 rebus
402 904 485 979 quae
499 874 567 950 suh
579 902 641 965 co,
655 876 711 950 rel
724 872 792 948 sul)
805 875 889 949 filiis
901 880 976 976 ejus
987 878 1096 953 Guil-

11 999 131 1073 lelmo
147 996 245 1071 llulo
263 1012 300 1069 et
321 996 479 1070 ilenrico
495 1020 608 1095 usque
626 990 732 1067 hodie
749 994 1003 1092 contigerunt,
1024 994 1095 1069 ho-

10 1129 121 1190 neste
143 1115 381 1214 deprompsit.
404 1114 587 1187 Marianus
601 1111 699 1185 enim
724 1111 760 1183 in
784 1111 958 1186 coenobio
977 1118 1091 1189 sancti

10 1231 150 1306 Albani
167 1234 337 1334 martyris
352 1232 446 1333 apud
461 1232 682 1331 lllaguntiom
701 1229 898 1303 monachus
914 1231 986 1305 suit
996 1288 1007 1320 ,
1024 1233 1094 1306 ibi-

10 1376 89 1451 que
104 1352 361 1425 Caesariensem
374 1350 572 1425 Eusebium
587 1364 623 1421 ot
638 1350 919 1449 Hieronymum,
934 1351 1094 1455 aliosque

10 1468 329 1568 historiographos
351 1495 420 1569 pro
443 1467 593 1543 modulo
619 1493 685 1540 sno
703 1483 865 1558 secutus,
891 1496 965 1541 sese
986 1470 1092 1545 heni-

10 1591 138 1688 pniter
166 1590 350 1675 exercuit,
383 1603 419 1661 et
450 1586 593 1660 dulcem
627 1584 790 1658 fructum
825 1586 923 1685 longi
956 1587 1091 1674 studii,

10 1730 305 1803 magnorumque
329 1702 518 1787 laborum,
537 1728 630 1802 quos
652 1702 688 1773 in
714 1701 912 1803 longinqua
933 1707 1093 1805 peregri·

9 1823 166 1895 natione
190 1821 364 1919 pertulit,
393 1819 476 1893 liliis
495 1819 664 1893 Ecclesiae·
693 1834 790 1892 tanta
816 1822 938 1892 rimari
967 1850 1095 1919 perse

9 1966 91 2012 non
127 1937 328 2011 valentibus
357 1937 568 2011 clraritatitc
599 1933 749 2010 obtulit.
782 1934 942 2009 Solerter
974 1939 1094 2039 itaque

10 2058 252 2156 perscrutatis
270 2055 452 2129 retcrihus
474 2071 510 2127 ct
528 2054 711 2129 modernis
729 2054 913 2127 codicibus
932 2056 1094 2131 chrono-

10 2172 203 2273 graphiam
222 2173 351 2259 edidit,
372 2175 408 2245 in
427 2199 498 2273 qua
515 2171 560 2244 ab
579 2173 684 2244 initio
701 2171 828 2246 mnndi
847 2202 889 2245 ex
907 2202 983 2275 quo
1000 2179 1095 2250 Deus

10 2291 131 2365 helam
151 2292 195 2363 ele
214 2291 302 2365 limo
320 2308 426 2364 terrm
444 2291 651 2390 plasmarit‚
673 2317 738 2390 per
751 2317 878 2365 omnes
897 2290 1010 2367 libros
1024 2294 1093 2369 Ve-

10 2410 104 2479 teris
120 2422 156 2479 et
173 2407 265 2482 Nori
281 2409 525 2496 Testamenti,
541 2425 577 2481 ct
596 2410 845 2482 llomanornm
861 2408 1095 2487 Graecorum·

10 2552 86 2623 ipre
107 2522 273 2595 historias
290 2524 516 2615 discurrens,
536 2524 675 2624 optima
692 2551 848 2625 quisquo
864 2526 1034 2627 collegit,
1056 2544 1094 2603 ct

10 2642 236 2715 rnumeratis
262 2643 367 2715 antris
397 2670 462 2741 per
493 2670 618 2741 regum
646 2658 684 2714 ct
710 2643 901 2716 consulum
930 2661 1092 2747 tempora

10 2786 131 2860 usquc
152 2762 187 2832 in
206 2759 300 2833 diem
320 2762 449 2833 mortis
472 2789 545 2833 snae
568 2760 733 2834 annalem
759 2761 945 2837 historiam
970 2765 1094 2839 laudn-

10 2878 142 2950 l›iliter
168 2877 335 2953 distinxit
360 2882 430 2975 (r).
458 2880 576 2973 Quem
600 2895 811 2978 prosecutus
834 2882 991 2955 loannes
1017 2900 1093 2957 aeta

10 2997 91 3068 lere
109 3014 256 3068 centum
273 3023 453 3068 annorum
472 2997 678 3083 contexuit,
692 3000 867 3098 jussuque
880 3000 1095 3075 venerahilis

10 3114 57 3181 ll
72 3112 195 3185 ll'stani
220 3114 406 3213 pontilicis
422 3131 458 3186 et
478 3113 645 3188 monachi
668 3115 725 3212 (a)
745 3115 957 3214 supradietis
980 3118 1093 3193 clim-

15 3460 54 3491 nn
72 3439 241 3491 lunametre.
258 3437 279 3490 ll
289 3456 305 3509 y
319 3456 439 3511 nonque·
453 3437 525 3491 clauc
538 3456 573 3491 au
588 3439 679 3491 moins
689 3456 727 3492 un
739 3456 807 3492 rem.
821 3439 896 3492 Nous
911 3460 1094 3519 pcnmnsquc

13 3533 39 3583 Ι]
54 3540 179 3601 pus-struo
192 3527 281 3581 eleves·
294 3528 329 3581 ele
343 3529 469 3593 latitent,
483 3539 510 3581 et
525 3528 549 3581 le
562 3530 700 3581 carnotine
711 3528 891 3584 serui-officiel
905 3529 940 3584 de
954 3549 1002 3589 son
1013 3536 1092 3601 reicit,

16 3622 185 3691 rrnpriment
200 3637 253 3672 une
264 3619 367 3689 grande
379 3619 561 3674 autlrrnticite
572 3638 626 3673 aus
634 3618 732 3674 details
743 3620 1015 3679 mallreureuscmeut
1028 3635 1093 3702 trop

16 3730 72 3782 μίι
88 3708 244 3764 nombrenx
256 3710 325 3783 qn'il
339 3708 445 3765 lonrnit
456 3729 504 3763 sur
517 3708 696 3782 remidium
708 3708 744 3764 de
756 3710 927 3769 Guillaunte.

59 3824 95 3873 ,ιῖ
117 3813 269 3867 Muranum
285 3815 400 3879 Scotnr,
416 3819 451 3871 ne
463 3834 497 3869 eu
516 3816 597 3880 roatl,
611 3827 686 3871 mort
696 3836 732 3871 eu
750 3815 830 3884 1086,
849 3828 891 3873 cst
904 3829 1004 3875 auteur
1015 3820 1092 3879 dela

15 3904 178 3975 «inanique
191 3903 319 3959 intituler
353 3905 480 3960 ,llurinm'
494 3906 571 3959 Senti
588 3906 742 3961 Chrom'con
758 3911 914 3963 universate
924 3930 942 3964 n
955 3917 1094 3969 σκιάσαι

18 3994 131 4052 anunm,
149 3995 225 4048 lebret
240 3997 336 4053 trihus.
348 4017 400 4067 per
409 4008 507 4052 oeurtcs
519 4018 571 4053 rr:
583 3997 720 4070 usquead
730 4020 835 4055 annum
850 4001 955 4057 Chresti
966 4001 1041 4061 1083.

60 4104 92 4163 'e
118 4098 197 4153 saint
220 4099 368 4166 tt‘ntnsn,
396 4103 500 4176 «stupu
522 4101 558 4157 de
585 4102 746 4159 tt'omsur
768 4105 803 4171 (8
828 4107 986 4179 stptcmlm
1014 4107 1094 4163 rofia-

22 4194 52 4241 ,e
63 4207 172 4260 ,ausser
191 4187 277 4261 ιυῴ).
