2768 5094
230 365 292 424 202
507 357 693 420 HISTORIA
715 356 1022 419 ucctEsltsttca.

230 504 332 581 reges
349 479 536 552 Danorum
552 476 700 578 Oskytel
720 493 756 550 et
773 476 954 566 Gudrum,
972 474 1149 549 Hamund
1163 491 1203 550 et
1219 475 1296 548 llall·
1349 498 1363 529 ι

230 598 349 695 dene(
356 599 412 695 r),
436 600 567 697 lnguar
582 612 619 670 et
637 594 768 669 llubba
790 621 874 668 cum
898 597 1026 668 tunnis
1047 596 1128 668 suis
1145 593 1298 696 duglian
1382 627 1384 630 ⁴

232 717 459 802 invaserunt,
476 713 640 788 ecclesias
656 711 920 787 monachorum
933 729 970 786 et
984 713 1212 786 clericorum
1228 737 1300 786 cou-
1354 732 1366 753 ‘

232 845 502 916 cremaverunt,
532 827 784 929 populumque
812 827 876 900 Dei
908 843 950 899 ut
977 825 1151 900 bidentes
1179 843 1301 900 macta
1358 908 1371 918 ‚

231 962 374 1022 verunt.

281 1065 367 1137 Post
391 1063 531 1165 aliquot
549 1087 664 1135 annos
685 1061 853 1135 Ellredus
874 1060 1123 1137 Gewissorum
1155 1088 1221 1135 rex
1236 1062 1301 1160 (a),

234 1179 328 1254 filius
346 1178 523 1277 Edelvulfi
540 1179 656 1279 regis,
680 1179 718 1250 in
743 1203 898 1276 paganos
919 1179 1101 1269 surrexit,
1121 1193 1162 1253 et
1181 1179 1304 1251 virtute
1368 1262 1373 1267 ¹

233 1296 299 1371 Ilei
328 1295 535 1370 horreant
560 1297 713 1394 peremit
740 1309 804 1366 aut
825 1294 966 1393 expulit
993 1309 1056 1367 aut
1081 1294 1251 1396 subegit,
1275 1310 1304 1368 et

234 1412 372 1512 primus
402 1413 568 1485 omnium
593 1435 721 1510 regum
753 1408 1000 1483 monarchiam
1029 1412 1146 1485 totius
1172 1410 1305 1510 Anglie

233 1527 330 1602 solus
348 1526 523 1602 obtinuit.
544 1525 729 1599 Probitate
742 1544 778 1599 et
795 1525 1036 1614 liberalitate,
1066 1526 1305 1629 laudabilique

234 1644 461 1745 providentia
480 1671 606 1719 omnes
623 1643 764 1744 llugliae
784 1670 884 1744 reges
904 1643 1151 1744 praecedentes
1175 1662 1213 1720 et
1229 1642 1306 1718 mb-
1339 1652 1344 1725 l

234 1779 422 1864 sequentes
440 1764 506 1861 (ut
524 1763 630 1858 reor)
647 1762 811 1849 excellit,
834 1762 1009 1863 annisque
1032 1787 1126 1836 xxix
1148 1759 1306 1835 laudabi·
1341 1758 1345 1813 l

234 1882 318 1956 liter
338 1884 375 1957 in
393 1908 506 1983 regno
522 1883 677 1982 peractis
695 1881 866 1954 Eduardo
882 1882 1015 1955 seniori
1034 1881 1113 1955 filio
1131 1907 1203 1955 suo
1215 1906 1306 1980 soep-

236 2015 290 2074 tra
308 2000 456 2102 reliquit
470 2001 538 2100 (ὅ).
554 2000 744 2072 Pacificato
763 2000 882 2099 itaque
899 2000 1001 2099 regni
1020 2014 1136 2088 statu,
1155 1999 1305 2099 religiosi

237 2120 419 2219 principes
441 2135 478 2191 et
499 2118 657 2217 episcopi
678 2114 848 2189 coenobia
869 2116 1003 2188 iterum
1025 2131 1225 2215 coeperunt
1242 2140 1307 2189 res·

239 2251 392 2308 taurare.
414 2235 463 2307 Et
478 2235 565 2335 quia
587 2259 714 2306 omncs
732 2230 900 2305 monachi
925 2232 1039 2305 totius
1060 2230 1233 2305 Albionis
1249 2256 1308 2333 pe-

236 2355 368 2451 rempti
387 2354 533 2424 fuerant
551 2368 613 2423 ant
630 2351 741 2450 fugati
763 2349 964 2451 supradicta
985 2347 1085 2423 rabie
1097 2350 1307 2449 gentilium,

239 2470 418 2541 miserunt
435 2468 617 2567 egregium
631 2471 803 2566 juvenem
819 2467 1010 2542 0svaldum
1028 2465 1072 2539 ad
1085 2467 1310 2542 floriacense

240 2586 475 2674 coenobium,
494 2586 594 2688 quod
611 2589 647 2659 in
666 2587 779 2660 Gallia
797 2585 1033 2661 leodebodus
1045 2584 1311 2660 Aurelianensis

240 2703 446 2779 construxit
473 2730 579 2800 snpra
605 2703 763 2803 Ligerim
788 2702 940 2775 lluvium
971 2716 1134 2801 tempore
1157 2701 1312 2778 lodovei

243 2821 307 2895 lilii
325 2819 518 2922 Dagoberli
540 2822 633 2923 regis
650 2824 874 2895 Francorum
889 2821 961 2920 (4).
983 2822 1099 2893 Locrn
1120 2819 1182 2895 ille
1199 2819 1314 2893 admo

242 2939 329 3012 dum
348 2938 562 3012 venerabilis
585 2956 638 3012 est
659 2937 798 3013 ossibus
816 2940 929 3011 sancti
948 2938 1128 3012 Benedicti
1152 2938 1267 3037 patris
1282 2952 1315 3009 et

243 3056 402 3156 magistri
434 3053 721 3143 monachorum,
757 3080 840 3155 qnae
871 3053 1037 3154 Aigullus
1071 3051 1314 3126 monachusa

243 3171 450 3245 Mummolo
482 3169 611 3245 abbate
642 3171 839 3245 destinatus
864 3172 908 3244 de
941 3172 1195 3243 beneventana
1228 3194 1314 3268 pro-

279 3430 320 3492 (ι)
340 3425 433 3478 lisca:
451 3423 589 3495 Oslsytul‚
604 3425 754 3491 Gotlrrun,
770 3424 901 3493 elmund,
915 3424 1066 3493 llalldene,
1079 3426 1196 3498 loquar,
1210 3425 1300 3481 Ubbo.

280 3517 319 3585 (a)
336 3513 608 3582 Allred·le·Graud,
626 3514 743 3569 d'abord
763 3517 806 3570 roi
822 3516 857 3570 de
877 3516 903 3571 la
916 3518 1003 3589 petite
1016 3518 1131 3571 contrite
1150 3534 1208 3591 quc
1226 3518 1318 3589 κρεό-

245 3618 323 3663 sente
343 3606 522 3679 aujourd'bui
543 3606 570 3660 le
582 3607 767 3679 llampshlrc,
783 3609 845 3680 puis
862 3608 897 3663 de
915 3618 993 3663 toute
1003 3605 1192 3681 l‘Augleterre
1204 3604 1318 3681 spicata

246 3709 322 3754 mort
334 3697 370 3751 de
383 3716 432 3752 son
444 3699 517 3753 lrlrc
532 3685 666 3752 lltbelred
678 3698 711 3750 1«
724 3699 733 3767 l
740 3698 812 3773 871).

281 3784 322 3859 (3)
341 3787 437 3842 Allred
451 3799 567 3843 mourut
579 3787 605 3841 le
619 3786 655 3841 26
666 3788 780 3842 octobre
792 3806 855 3861 900.

284 3880 324 3949 (t)
343 3877 379 3931 la
397 3877 543 3933 laudatico
559 3876 595 3933 de
611 3896 643 3931 ce
660 3879 815 3933 monastere
830 3880 919 3951 parait
936 3880 1054 3952 pouvoir
1069 3879 1130 3934 ὀίω
1146 3878 1322 3951 rapportdt'a

250 3964 358 4022 l'annee
375 3966 438 4034 641,
452 3968 477 4022 la
490 3968 648 4041 quatrieme
661 3967 700 4021 dn
719 3970 805 4040 rl‘gne
823 3967 860 4023 de
879 3968 972 4024 Clovis
986 3969 1023 4023 ll.
1045 3967 1106 4023 Ello
1124 3966 1169 4022 t'nt
1189 3966 1258 4022 faite
1276 3982 1324 4039 par

253 4056 434 4125 morenae,
448 4058 519 4113 abbe
531 4055 567 4112 de
578 4058 783 4131 saint-dignm
794 4058 953 4115 d'Orloans.
967 4060 1003 4115 la
1016 4056 1181 4115 translation
1194 4054 1246 4113 des
1260 4052 1323 4111 nti·

248 4164 319 4225 quaa
331 4146 367 4203 de
381 4151 453 4207 saint
466 4150 563 4205 lleuolt
576 4168 594 4221 y
605 4159 655 4205 eut
663 4149 720 4207 lien
732 4168 794 4207 vera
801 4147 865 4206 653.

1126 4808 1355 5007 h
