2768 5094
287 377 348 435 212
565 370 748 430 HISTORIA
771 368 1077 430 ECCLESIASTICA.
1154 371 1352 447 [tuas-tute

287 493 374 564 tiani
393 489 493 564 orbis
509 505 615 587 caput
632 489 837 561 sollicitavit
854 489 1029 587 epistolis,
1049 503 1086 562 et
1104 504 1265 587 precatu
1280 489 1353 560 reti·

286 636 373 683 nere
387 624 512 682 conata
525 621 624 679 estet
636 608 684 678 ri.
701 608 760 678 Sic
773 605 943 679 omnibus
953 606 1101 678 emicuit
1119 604 1351 689 honorabilis,

286 754 395 828 quem
410 727 525 798 virtus
543 739 579 797 et
595 725 768 823 sapientia
784 723 970 797 decorarat
983 723 1161 824 specialis.

335 842 550 917 sedunensis
568 842 679 942 igitur
695 842 896 940 episcopus,
913 857 1105 941 postquam
1123 841 1351 943 stigandum,
1383 928 1384 943 ἦ

285 976 327 1034 ut
340 963 415 1060 jam
430 960 567 1031 dictum
582 976 652 1043 est,
670 957 856 1057 deposuit,
877 958 1121 1031 Lansraneum
1139 958 1187 1031 ad
1204 961 1353 1059 regimen

284 1075 492 1178 pontificale
521 1077 709 1161 invitavit,
734 1090 770 1147 et
799 1076 836 1146 in
863 1075 1016 1150 consilio
1040 1076 1305 1176 episcoporum
1323 1101 1353 1146 ar

283 1191 455 1265 abbatum
466 1191 702 1265 Normanniae
716 1192 930 1290 petitionem
948 1191 1118 1264 Ecclesiae
1136 1192 1205 1265 Dei
1226 1191 1352 1266 denuo·

286 1313 403 1384 tiavit.
422 1310 486 1384 llle
502 1325 623 1383 autem
638 1307 871 1408 perturbatus
889 1324 962 1379 tam
980 1335 1087 1408 grave
1103 1307 1176 1382 sibi
1195 1336 1294 1384 onus
1304 1336 1355 1383 ex·

283 1430 432 1516 timuit,
452 1444 489 1501 et
507 1426 667 1499 inducias
684 1425 729 1497 ad
744 1423 1020 1498 deliberandum
1034 1427 1165 1525 petiit,
1184 1426 1355 1500 indubie

288 1561 366 1617 tum
387 1561 512 1631 teneus
528 1543 627 1643 quod
644 1543 751 1615 simul
773 1543 824 1616 ire
837 1569 912 1616 nou
926 1559 1045 1642 posset
1059 1543 1237 1618 monachi
1252 1545 1355 1618 otiuu

282 1677 323 1734 et
339 1658 602 1758 archipraesulis
619 1658 820 1757 negotium.
837 1655 957 1730 abbas
971 1657 1173 1732 Herluiuus
1190 1660 1352 1760 imperat,

286 1779 343 1852 cui
368 1776 612 1851 obsecundare
637 1775 736 1847 velut
760 1773 906 1848 Christo
933 1774 1084 1849 solebat.
1113 1777 1261 1878 Regina
1284 1804 1353 1850 eum

283 1893 364 1968 filio
380 1894 545 1994 principe
568 1906 748 1989 precatur.
774 1895 925 1988 Majores
942 1916 1087 1993 qnoque
1115 1892 1201 1968 ideo
1221 1894 1352 1968 collecti

285 2011 444 2085 studiose
464 2009 672 2084 hortantur.
691 2008 774 2082 Nou
794 2007 922 2081 abnuit
940 2009 999 2082 ille
1017 2009 1200 2110 praecipiti
1220 2025 1353 2085 senten

287 2130 355 2221 tia,
371 2129 456 2231 quia
469 2154 579 2202 omne
592 2127 729 2199 sactum
741 2142 778 2198 et
791 2124 928 2198 dictum
942 2128 1017 2225 ejus
1028 2126 1266 2201 discretionis
1278 2126 1356 2200 diri·

283 2247 392 2349 gebat
407 2272 548 2320 norma.
565 2242 815 2318 0bedientiam
830 2243 1013 2317 offendere
1026 2259 1148 2332 caret,
1163 2246 1278 2319 simul
1292 2261 1357 2317 tau-

287 2379 346 2436 tos
368 2363 430 2462 qui
460 2376 611 2459 rogant,
641 2361 785 2447 favent,
814 2359 1067 2434 adhortantur.
1095 2361 1259 2434 Moestus
1284 2385 1358 2461 ergo

289 2497 389 2552 tram
408 2505 506 2550 mare
526 2477 623 2548 vadit
639 2491 846 2549 excusatum
864 2504 918 2564 se,
938 2504 1084 2577 sperans
1098 2477 1359 2577 jocunditatem

289 2597 329 2671 in
357 2594 573 2668 reversione.
604 2595 680 2666 Rex
710 2619 793 2665 cum
820 2595 950 2693 gaudio
977 2593 1182 2693 adjutorem
1210 2595 1358 2669 culture

287 2712 503 2785 Christianae
520 2726 727 2784 reverenter
744 2712 919 2810 suscepit,
938 2726 975 2784 et
991 2711 1226 2785 excusatione
1244 2711 1357 2786 mluc-

204 2872 209 2887 .
289 2846 427 2904 tantem
443 2827 644 2901 hnmilitate
661 2845 697 2900 et
715 2832 896 2927 majestate
913 2826 1065 2927 pulchre
1082 2855 1253 2930 pugnans
1268 2828 1356 2903 deri·

290 2951 340 3021 cit
362 2949 377 3046 (
403 2948 429 3042 ).

326 3242 365 3316 (r)
384 3239 532 3308 huiusne,
545 3243 625 3314 apres
639 3244 716 3297 avoir
734 3241 862 3313 sejourne'
880 3238 1001 3314 quelque
1014 3249 1104 3313 temps
1116 3243 1132 3295 ’a
1144 3241 1320 3311 Amoebea,
1333 3261 1357 3297 re

290 3330 386 3388 rendit
398 3349 433 3384 au
448 3331 501 3385 Bec
514 3349 549 3385 eu
567 3335 643 3398 iola.
658 3331 777 3385 Nomme
789 3332 886 3404 prieur
897 3328 933 3384 de
946 3345 978 3383 ce
992 3330 1149 3384 monestere
1161 3349 1200 3386 eu
1216 3329 1300 3398 10⁴5,
1313 3331 1357 3404 ily

289 3420 383 3476 currit
396 3437 446 3473 sou
462 3417 538 3472 e'eole
552 3418 799 3473 immediatemeut.
814 3419 864 3472 laes
878 3416 952 3472 deux
965 3416 1085 3472 couciles
1095 3417 1165 3473 cites
1182 3419 1234 3486 ici,
1249 3430 1280 3475 et
1295 3418 1358 3474 dm

289 3509 409 3584 lesquels
419 3507 438 3562 il
449 3508 537 3562 reluta
550 3507 589 3561 les
598 3507 752 3563 erreursde
761 3508 908 3579 Bereuger,
918 3504 1091 3561 archidiecre
1098 3505 1251 3581 d'Augen,
1264 3519 1358 3564 euml

289 3598 347 3654 lieu
359 3617 395 3653 eu
412 3594 491 3663 1050,
506 3596 531 3652 le
545 3598 667 3670 premier
677 3598 757 3670 apres
770 3596 890 3670 Piques,
902 3607 931 3650 et
943 3595 1015 3651 celui
1028 3596 1064 3651 de
1074 3596 1189 3653 Verceil
1202 3617 1239 3655 eu
1248 3599 1357 3655 notate

290 3685 456 3760 septembre.
477 3683 501 3737 ll
518 3695 559 3738 est
572 3683 628 3738 sort
644 3684 767 3738 doutcux
779 3701 835 3757 que
850 3683 984 3739 hulmuc
1001 3685 1040 3738 ait
1053 3685 1149 3740 assiste
1158 3686 1315 3743 cumatile
1326 3686 1357 3740 de

290 3777 393 3831 Tours.
405 3774 474 3828 Mais
486 3773 506 3828 il
520 3793 548 3828 se
558 3784 655 3828 trouva
667 3778 682 3829 'a
699 3774 770 3828 celui
780 3773 816 3829 de
826 3774 916 3830 Rome
930 3793 966 3829 eu
979 3775 1048 3832 avril
1069 3775 1153 3851 1059,
1168 3779 1209 3832 od
1223 3778 1356 3853 usage

289 3863 332 3918 lut
346 3863 486 3916 coutraint
504 3861 644 3933 d'abjurer
657 3881 699 3917 ses
714 3862 864 3918 doctrines.
883 3864 940 3918 Son
956 3863 1092 3938 principal
1109 3865 1196 3920 truite'
1207 3876 1308 3923 contre
1318 3878 1356 3922 cet

289 3954 483 4026 beccumque,
499 3953 600 4027 auquel
617 3953 636 4007 il
651 3951 744 4007 donna
758 3952 784 4008 le
797 3955 864 4008 titre
875 3971 948 4009 assez
959 3954 1065 4010 bieme
1074 3953 1109 4010 de
1121 3955 1213 4011 Liber
1222 3956 1356 4013 &nuda-

290 4064 363 4109 rnm,
379 4045 447 4096 mais
459 4043 508 4116 qui
518 4053 560 4096 est
571 4046 799 4097 contmunement
812 4042 909 4116 appel&
922 4043 964 4097 De
977 4044 1100 4115 Corpore
1112 4053 1141 4098 et
1152 4048 1295 4119 emme
1306 4044 1356 4102 00·

290 4138 369 4197 mini,
383 4144 424 4187 est
437 4131 472 4187 de
492 4151 566 4207 ¹⁰79·
