2768 5094
270 393 331 452 29⁶
547 389 731 450 utsroun
752 390 1059 452 nectustisrrca.
1220 394 1328 474 [susq
1358 356 1380 414 'l

270 509 383 583 moris
400 508 473 605 est)
489 507 627 579 tesseris
640 507 764 582 ludere
777 525 985 608 coeperunt.
1004 509 1143 584 Deinde
1157 510 1329 611 ingentem
1361 476 1380 605 lt

270 626 462 725 strepitum
475 623 612 713 secere,
633 641 669 698 et
683 652 811 727 aquam
825 651 933 724 super
951 624 1181 701 {rodbertum
1198 644 1238 701 et
1252 654 1332 703 nste-
1366 620 1380 663 ⁶

271 740 341 813 clas
361 743 452 839 ejus,
474 740 537 839 qui
555 737 680 812 subtus
701 757 825 828 erant,
849 739 988 819 fudere.
1009 743 1115 814 Tunc
1134 744 1201 818 lvo
1223 757 1261 817 et
1282 743 1332 816 lll-
1368 736 1380 781 ³

269 856 412 929 bericus
422 856 466 930 de
479 854 845 930 Greutemaisnilior
811 861 845 955 (r
852 861 865 954 )
878 858 1049 931 dixerunt
1063 857 1281 934 liudberto:
1295 854 1380 932 Ut

270 975 363 1075 quid
376 992 517 1047 tantam
528 981 667 1078 pateris
684 975 891 1077 injuriam?
903 975 1150 1076 Eccesmtres
1164 979 1225 1051 tui
1238 972 1380 1133 superii

271 1108 383 1194 eaput
414 1111 515 1164 tuum
547 1092 807 1183 ascenderunt,
840 1110 875 1166 et
902 1093 1136 1168 immunditiis
1174 1102 1214 1168 in
1252 1122 1332 1169 eou-

270 1225 490 1310 temptatae
515 1236 581 1283 nos
605 1227 724 1282 tecum
743 1210 928 1312 polluunt.
960 1211 1097 1286 Nonne
1121 1211 1233 1286 uides
1257 1213 1380 1315 quid

269 1325 339 1399 hoc
353 1325 569 1425 signficat?
585 1328 711 1429 Lippis
725 1330 836 1401 etiam
850 1327 992 1427 liquido
1002 1344 1121 1430 patet.
1137 1327 1334 1430 Nesisesti·
1377 1324 1380 1370 t

269 1461 402 1516 narrter
429 1442 599 1545 infectum
622 1445 690 1517 tibi
714 1445 873 1521 dedecus
898 1448 1077 1547 punieris,
1104 1445 1270 1548 dejectus
1289 1472 1332 1535 es,

269 1586 337 1633 nec
354 1561 452 1633 ultra
469 1588 654 1662 resurgere
674 1561 788 1636 uoles.
808 1563 872 1634 llis
893 1560 1070 1664 siquidem
1093 1562 1229 1636 auditis
1251 1562 1335 1635 furi·

270 1676 416 1752 bundus
433 1680 608 1766 surrexit,
622 1694 658 1753 et
673 1681 710 1752 in
725 1679 955 1753 coenaculum
972 1693 1099 1753 contra
1116 1679 1251 1754 fratres
1263 1705 1336 1753 suos

272 1794 430 1894 irrepere
453 1796 675 1870 acceleravit.
703 1797 790 1871 Mox
814 1813 898 1872 orto
918 1798 1095 1887 clamore,
1119 1797 1165 1874 de
1186 1796 1335 1898 hospitio

272 1937 338 1986 suo
355 1939 419 1985 rex
441 1914 617 2002 accurrit,
636 1929 674 1986 et
692 1913 802 2014 regali
821 1916 1035 1987 auctoritate
1051 1913 1217 1989 liliorum
1229 1915 1335 2015 jurgia

271 2055 422 2104 suorum
444 2030 488 2103 ad
515 2047 654 2131 tempus
674 2033 909 2132 compescuit.
935 2032 1106 2132 Sequenti
1130 2057 1221 2106 vero
1239 2046 1336 2107 nocte

271 2146 478 2222 liodbertus
501 2175 584 2220 cum
605 2148 806 2249 pedisequis
827 2150 899 2221 suis
916 2149 1117 2248 equitatum
1135 2149 1231 2249 regis
1247 2148 1337 2223 dese·

271 2266 366 2351 ruit,
392 2267 629 2365 Rotomagum
655 2266 825 2365 expetiit,
851 2283 889 2338 et
911 2291 1029 2339 arcem
1055 2267 1192 2367 regiam
1215 2266 1337 2341 furtim

271 2407 526 2481 preoccupare
541 2382 680 2482 sategit.
702 2382 839 2456 Verum
860 2384 1035 2483 Rogerius
1057 2381 1103 2457 de
1122 2379 1267 2459 iberico
1284 2387 1335 2483 (a)

269 2499 442 2596 pincerna
462 2498 571 2597 regis,
588 2499 651 2597 qui
667 2499 799 2570 turrim
812 2497 1053 2587 custodiebat,
1070 2514 1111 2573 ut
1122 2516 1276 2575 conatus
1288 2502 1336 2574 in·

271 2613 480 2686 sidiantium
510 2615 779 2713 praecognovit,
813 2632 940 2689 contra
968 2617 1110 2691 fraudes
1137 2617 1336 2718 malignan-

270 2732 363 2804 tium
381 2728 574 2832 diligenter
598 2757 718 2805 arcem
740 2735 993 2831 premunivit,
1013 2734 1201 2835 missisque
1222 2734 1337 2836 legatis

269 2847 436 2924 ordinem
455 2850 505 2922 rei
531 2848 683 2923 domino
700 2877 766 2924 suo
788 2853 862 2951 regi
888 2852 1053 2926 celeriter
1079 2854 1275 2929 intimavit.
1294 2853 1337 2925 Aa

270 2965 330 3040 ille
352 2967 457 3039 nimis
480 2967 589 3038 iratus
611 2966 778 3041 factiosos
799 2993 925 3041 omnes
942 2968 1202 3069 comprehendi
1220 2972 1334 3071 jussit.

267 3081 323 3154 llli
338 3109 440 3170 vero,
456 3080 615 3155 edictum
629 3080 832 3181 hujusmodi
843 3083 1040 3171 audientes,
1055 3084 1251 3158 admodum
1267 3102 1337 3160 ter·

266 3197 328 3268 riti
348 3211 453 3283 sunt,
470 3213 506 3269 et
521 3195 736 3298 quibusdam
754 3198 866 3297 captis
884 3197 942 3269 alii
966 3213 1127 3273 extorres
1143 3198 1333 3301 fugerunt,

267 3328 303 3386 et
320 3328 440 3386 extera
459 3328 622 3410 petentes
638 3313 760 3385 salvati
780 3329 877 3386 sunt.

315 3432 420 3502 Tunc
433 3431 539 3530 Ilugo
555 3430 600 3504 de
616 3430 866 3505 Novocastello
879 3430 937 3528 (ὅ)
958 3455 1072 3531 nepos
1089 3446 1127 3505 et
1142 3431 1260 3508 haeres
1276 3433 1334 3508 lll-

264 3542 357 3620 bcrti
372 3545 516 3619 llibaldi
532 3547 670 3646 primus
683 3546 875 3646 praedictos
889 3546 1009 3620 exules
1022 3548 1200 3648 suscepit,
1215 3550 1334 3651 eisque

299 3886 338 3954 (r)
356 3885 492 3940 C'c'taicnt
502 3884 527 3939 lc
538 3883 693 3958 quatrilme
703 3893 731 3937 ct
742 3882 768 3938 le
779 3885 936 3957 cinquieme
947 3883 988 3938 fils
998 3883 1033 3939 de
1044 3885 1161 3959 llugues
1170 3886 1331 3946 deGoente-

264 3975 378 4043 mesnil,
392 3986 420 4030 et
433 3974 572 4030 d‘Adelise
586 3974 621 4029 dc
635 3974 947 4031 &eumont-sarvie

299 4068 339 4133 (2)
360 4064 453 4135 linger
467 4062 561 4118 d’lrri.

296 4153 335 4225 (3)
356 4155 485 4227 lingues,
502 4155 632 4225 seigncur
647 4153 681 4209 de
695 4154 1123 4212 Clritcauucnlenfflumcrais.
