2768 5094
28 418 137 495 [roan
405 381 520 479 cassu
542 418 721 479 rsnrrrs.
1040 427 1090 483 tot

26 533 220 632 panditur,
228 550 265 608 ct
278 535 482 634 deprecatio
500 537 598 633 prius
612 562 680 635 pro
692 536 883 625 defunctis,
897 553 1017 635 postes
1028 565 1097 638 pro

27 653 120 723 viris
138 651 347 751 parentibus
364 669 400 727 ct
421 652 736 739 benefactoribus,
750 656 962 754 cunctisque
977 655 1097 730 fideti-

27 768 99 840 bus
123 772 198 844 Deo
218 768 372 843 fideliter
389 772 555 845 ollbrtur.
580 772 683 844 Missa
704 798 790 846 vero
811 774 1032 846 matutinalis
1051 773 1097 847 ab

26 884 159 959 abbate
171 885 361 961 celebriter
374 889 530 975 canitur,
542 915 624 961 curn
635 915 710 988 quo
721 892 864 961 sacratis
878 891 1098 963 indumentis

24 1022 156 1078 omnes
168 1004 324 1078 ministri
341 1008 595 1079 revestiuntur.
612 1005 669 1078 Ab
682 1007 964 1106 elemosynario
976 1023 1095 1080 autem

26 1134 85 1193 tot
100 1146 291 1218 pauperes,
307 1139 399 1220 quot
413 1120 578 1195 monachi
593 1139 697 1209 sunt,
716 1124 787 1222 ipsa
800 1123 858 1195 die
871 1125 907 1195 in
923 1123 1096 1199 coensbio

24 1236 267 1335 colliguntur,
293 1252 329 1310 et
353 1239 389 1311 iu
416 1238 643 1313 xenodochio
662 1254 753 1338 parte
774 1256 810 1314 ct
832 1255 923 1339 potu
938 1266 1096 1342 unoque

23 1354 184 1453 generali
202 1355 450 1429 sufficientem
467 1356 651 1433 cellarario
667 1371 876 1454 pascuntur,
894 1372 1023 1454 etpost
1036 1384 1096 1430 ca-

25 1470 186 1569 pitulum
199 1470 244 1543 ab
257 1474 357 1546 ornni
375 1488 555 1549 conventu
571 1474 776 1545 mmdatum
792 1496 989 1573 pauperum
1002 1476 1095 1548 sicut

24 1588 65 1660 in
83 1613 188 1660 coena
205 1587 351 1662 Domini
373 1592 570 1689 peragitur.
588 1591 670 1662 lloo
682 1590 772 1662 sicut
788 1586 970 1663 osbernus
986 1590 1095 1664 obbas

24 1705 231 1790 constituit,
246 1704 424 1777 Uticensis
436 1703 581 1779 ecclesia
595 1730 707 1805 usque
720 1706 757 1778 in
774 1706 987 1779 hodiernum
998 1706 1092 1781 diem

23 1817 218 1917 vigilanter
229 1818 403 1907 custodit,
416 1835 454 1893 st
467 1820 756 1916 Nopionensibus
766 1822 820 1919 (ι)
830 1838 937 1922 atque
952 1821 1095 1898 Bulclre·

25 1933 193 2008 rensibus
207 1937 277 2034 (2),
291 1936 438 2036 aliisque
450 1935 659 2035 sequacibus
668 1937 740 2008 suis
752 1937 1089 2015 ardenter‘tradidit.

77 2053 181 2151 Saepe
197 2054 402 2125 nominatus
413 2054 469 2124 vir
479 2054 541 2126 Dei
554 2078 738 2153 pauperes,
752 2067 792 2124 ut
805 2055 1091 2153 supradiximus,

23 2182 62 2238 et
78 2182 235 2266 aegrotos
252 2166 350 2241 tslde
371 2165 535 2259 amabat,
556 2182 735 2241 eteorum
758 2166 951 2268 indigendo
969 2180 1006 2242 et
1027 2195 1093 2244 ne·

24 2285 173 2356 cessaria
203 2284 387 2384 largiendo
415 2284 664 2358 subveniebat.
698 2285 800 2358 Unde
832 2286 1022 2369 constituit
1051 2304 1092 2359 ut

25 2417 161 2502 septem
179 2402 312 2501 leprosi
327 2429 395 2502 pro
412 2428 533 2476 rmore
551 2403 615 2495 Dei
631 2404 840 2502 perenniter
854 2400 900 2474 ab
919 2404 1091 2489 Uticensi·

26 2518 93 2591 bus
124 2517 319 2606 alerentur,
348 2523 469 2622 eisque
495 2521 714 2615 decellsrio
740 2520 894 2597 fratrum
925 2522 1027 2620 panis
1055 2538 1091 2595 et

26 2655 133 2737 potus
149 2654 286 2737 septem
303 2638 564 2712 monachorum
581 2636 745 2739 qnotidie
762 2636 966 2736 largiretur.
984 2639 1089 2732 Quod

26 2759 99 2853 ipse
122 2769 159 2828 et
181 2754 374 2829 blaincrius
395 2780 575 2827 successor
600 2759 674 2853 ejrts
697 2746 852 2827 libenter
872 2769 1087 2840 tenuerunt,

24 2869 195 2970 quamdiu
212 2871 249 2943 in
267 2873 441 2971 regimine
453 2872 576 2944 vitales
592 2897 694 2942 auras
710 2868 915 2943 hauserant.
931 2870 998 2944 Sed
1011 2869 1090 2944 haec

25 2987 208 3061 sSerlone
224 3014 423 3065 successore
434 3014 579 3075 eorum,
596 3005 705 3086 prout
717 2988 883 3059 voluntas
899 2986 1089 3060 hominum

28 3106 197 3192 variatur,
221 3107 436 3180 constitutio
459 3123 580 3206 postea
597 3121 730 3178 mutata
749 3120 823 3192 est,
844 3106 1047 3204 iterumque
1068 3132 1088 3177 s

29 3222 202 3321 lingerio,
221 3223 282 3322 qui
301 3223 466 3295 successit
482 3223 551 3306 cis,
574 3223 751 3294 ternarius
769 3220 997 3293 infirmorum
1015 3247 1089 3293 nu·

26 3364 148 3409 merus
166 3340 202 3411 iu
224 3340 371 3411 nominc
388 3339 533 3410 llomini
554 3338 768 3409 reformatus
784 3351 850 3409 est.

75 3453 284 3528 Vlll.slnuo
292 3453 338 3526 ab
349 3453 745 3526 incarnatioucllomiui
756 3467 894 3545 srcxsr⁰‚
902 3468 984 3552 post
995 3479 1090 3525 mor·

25 3588 97 3643 tem
110 3569 276 3644 llcrberti
283 3573 423 3669 juvenis
433 3569 754 3642 cenomanensium
765 3568 980 3663 comitisgi),
994 3569 1089 3641 Wil-

58 3821 83 3881 (ι
89 3830 98 3881 1
109 3815 271 3868 mnwioes
278 3813 313 3867 dc
321 3810 619 3883 boson-sus··1ludelle‚
626 3809 804 3881 aujourd'lrui
811 3809 967 3874 Clrsrlessl,
977 3811 1088 3883 prieurs·

24 3903 284 3959 &saint-Erronlt.
507 3956 511 3961 ,

59 4014 98 4061 ,η
116 3994 166 4047 las
186 3993 292 4047 moines
310 3989 345 4045 alc
366 3992 584 4060 saint-lisnega
605 3988 640 4043 de
659 3986 844 4049 lloclreseillc,
861 3987 964 4060 alsbspc
986 3986 1087 4042 attede

23 4080 248 4148 &saa-timon,
265 4083 351 4141 situe'c
365 4087 380 4135 ‘a
392 4081 463 4135 deur
475 4082 559 4133 larue-s
570 4080 605 4133 de
621 4079 727 4133 llouen.

58 4166 99 4234 ὦ,
118 4169 237 4225 llcrbert
252 4169 293 4235 ll,
306 4180 396 4226 inante
406 4168 444 4222 alu
457 4169 546 4223 llsinc
563 4176 572 4231 t
587 4167 760 4235 rasis-sotis).
780 4167 932 4222 {Ismeuon
942 4165 982 4221 «lu
997 4166 1086 4221 llsinc
