2768 5094
281 420 322 483 sa
557 419 742 481 msroun
762 418 1067 481 recursurum.
1139 421 1347 500 [roacrou]
1383 386 1384 407 ¹

280 539 475 640 aliquantis
492 536 618 612 diebus
637 564 735 610 eausa
759 536 992 611 humanitatis
1010 536 1053 608 ad
1071 535 1347 611 refocillanda·

281 655 446 730 retinuit.
463 656 568 728 Tunc
585 654 713 755 viginti
730 653 841 727 millia
856 655 1136 728 sarracenorum
1149 653 1284 729 ltalioo
1295 653 1346 727 lit·

282 771 355 845 tori
382 769 652 870 applicuerunt,
679 784 716 843 et
739 796 759 841 a
785 767 922 842 civibus
948 767 1205 843 Psaleruitanis
1232 766 1348 842 tribu-

282 899 359 956 tum
374 911 458 957 cum
471 885 620 957 summis
632 883 976 958 comminationibus
989 884 1129 984 exigere
1142 897 1345 985 ooepemut

280 1005 380 1077 Duce
404 1019 523 1078 autem
550 1029 634 1074 cum
658 1002 870 1076 satellitibus
895 1003 966 1074 suis
993 1000 1143 1100 vectigal
1168 1029 1188 1074 a
1215 999 1348 1074 civibus

283 1117 496 1217 colligente,
514 1117 559 1190 de
579 1117 685 1191 classe
702 1119 830 1218 egressi
848 1132 954 1206 sunt,
976 1130 1013 1191 et
1034 1118 1070 1188 in
1095 1113 1250 1190 herbosa
1276 1115 1348 1216 pla·

282 1234 391 1322 nitie,
407 1260 489 1334 quae
507 1234 603 1309 inter
619 1232 747 1308 urbem
762 1251 798 1309 et
813 1261 912 1309 mare
927 1235 993 1306 sita
1007 1251 1078 1319 est,
1096 1231 1141 1306 ad
1157 1233 1348 1332 prandium

284 1378 366 1424 cum
386 1353 525 1453 ingenti
542 1352 730 1427 securitate
747 1370 783 1426 et
798 1353 930 1453 gaudio
946 1349 1170 1426 resederunt.
1188 1351 1349 1450 Cumque

282 1468 485 1541 Normanni
503 1468 572 1541 hoc
585 1470 863 1568 comperissent,
879 1469 1081 1568 ducemque
1093 1493 1164 1567 pro
1175 1465 1349 1542 leniendis

283 1582 445 1656 barbaris
467 1586 655 1682 pecuniam
674 1585 841 1687 colligere
856 1584 1047 1675 vidissent,
1063 1583 1203 1685 Apulos
1221 1585 1351 1657 amim-

282 1697 406 1773 biliter
429 1701 708 1799 increpaverunt
736 1701 835 1802 quod
855 1703 1006 1801 pecunia
1029 1727 1102 1776 sese
1128 1717 1171 1774 ut
1200 1701 1350 1775 inermes

283 1817 400 1889 viduae
417 1815 654 1906 redimerent,
678 1844 755 1892 non
779 1834 822 1891 ut
838 1820 905 1891 viri
931 1817 1044 1896 sortes
1067 1844 1259 1891 armorum
1279 1819 1350 1891 vir-

285 1946 363 2004 tute
388 1931 635 2007 defenderent.
668 1934 804 2009 Deinde
832 1961 930 2008 arma
956 1947 1213 2034 sumpserunt,
1249 1933 1350 2007 Auos

285 2075 408 2125 secure
430 2050 581 2153 vectigal
602 2069 828 2153 expectantes
846 2067 994 2153 repente
1011 2053 1240 2138 invaserunt,
1260 2050 1350 2123 mul·

287 2169 403 2268 tisque
420 2163 581 2241 millibus
603 2169 689 2243 susis
711 2171 869 2271 reliquos
887 2196 971 2240 cum
991 2167 1165 2241 dedecore
1186 2166 1233 2240 ad
1252 2193 1350 2240 nares

286 2286 454 2386 aufugere
471 2288 739 2387 compulerunt.
758 2289 958 2363 Normanni
979 2290 1098 2389 itaque
1113 2287 1232 2361 aureis
1246 2302 1286 2362 et
1300 2314 1350 2359 ar-

149 2400 156 2407 ’
285 2405 422 2503 genteis
437 2405 544 2492 rasis,
563 2405 711 2506 aliisque
723 2406 846 2507 spoliis
861 2406 985 2478 multis
1001 2420 1039 2479 et
1050 2404 1219 2504 pretiosis
1233 2404 1350 2479 onusti

286 2519 492 2609 redierunt,
517 2520 747 2624 multumque
764 2550 783 2602 a
799 2523 912 2611 duce,
934 2538 976 2596 ut
997 2520 1130 2596 ibidem
1153 2519 1352 2597 honorilice

286 2653 532 2724 remanerent,
560 2639 675 2737 rogati
700 2655 804 2728 sunt3
826 2639 886 2713 sed
906 2640 988 2740 quia
1006 2637 1183 2713 revisendi
1200 2639 1351 2736 patriam

286 2751 406 2851 cupidi
420 2770 541 2842 erant,
558 2754 788 2852 poscentibus
805 2782 880 2830 non
893 2755 1166 2856 adquieverunt.
1183 2752 1352 2826 Attamen

287 2871 533 2966 promiserunt
545 2872 577 2944 ei
590 2873 690 2972 quod
705 2874 768 2971 ipsi
783 2873 827 2946 ad
842 2899 925 2947 eum
939 2873 1118 2959 redirent,
1133 2886 1197 2943 uut
1209 2868 1256 2944 de
1268 2869 1355 2944 elec·

288 2988 333 3058 tis
355 2986 549 3085 juvenibus
572 2989 806 3063 Normanniae
830 2991 970 3090 aliquos
994 2991 1025 3063 ei
1052 2990 1126 3063 cito
1148 2988 1351 3061 mitterent.

286 3101 479 3202 Postquam
501 3127 588 3177 vero
614 3104 730 3177 natale
752 3105 869 3178 solum
891 3106 1108 3205 attigerunt,
1133 3102 1248 3176 multa
1272 3127 1352 3202 quae

287 3217 452 3291 videraut
472 3233 508 3291 et
525 3218 724 3310 audierant,
739 3220 799 3295 vel'
811 3220 988 3309 fecerant,
1007 3247 1068 3293 seu
1084 3219 1173 3319 passi
1191 3216 1350 3303 fueraut,

286 3335 536 3435 compatriotis
559 3337 631 3410 suis
652 3337 870 3410 retulerunt.
896 3336 1033 3411 Deinde
1057 3333 1204 3436 quidam
1227 3359 1352 3407 eorum

285 3453 458 3550 promissa
472 3454 693 3555 complentes
709 3456 933 3554 reciprocato
949 3455 1036 3530 calle
1052 3453 1188 3528 ltaliam
1207 3451 1352 3552 repeda·

285 3585 392 3656 runt,
416 3571 653 3672 exemploque
675 3598 740 3646 suo
760 3572 849 3646 levia
873 3572 1075 3648 multorum
1099 3569 1208 3645 corda
1232 3569 1276 3641 ad
1299 3595 1354 3643 se·

285 3683 469 3782 quendum
488 3712 524 3758 se
544 3691 758 3761 excitarunt.
784 3690 875 3763 Nam
897 3690 1088 3763 'furstinus
1109 3702 1354 3787 cognomento

284 3800 434 3874 Citellus
460 3817 496 3874 et
513 3805 729 3904 llaguullus,
749 3808 946 3881 Richardus
966 3805 1176 3880 Anschetilli
1194 3801 1241 3877 de
1259 3802 1354 3896 Qua·

284 3915 407 3990 drellis
428 3918 544 4008 filius,
565 3920 701 4021 filiique
719 3925 895 3999 'lancrcdi
918 3924 962 3998 de
979 3922 1172 3998 Alta-Villa
1194 3953 1202 3994 ε
1229 3921 1353 4022 Drogc

287 4033 451 4109 videlicet
469 4054 575 4138 atque
591 4039 796 4130 Umsridus,
813 4043 1027 4117 Willermus
1050 4059 1086 4116 et
1102 4043 1350 4124 Hermannus,

286 4151 479 4228 llotbertus
503 4177 745 4256 cognomento
763 4161 970 4236 Wiscurdns
987 4178 1024 4234 et
1046 4162 1215 4259 Rogerius
1234 4174 1270 4230 ct
1293 4185 1351 4229 sex
