2768 5094
161 421 271 495 [sous]
534 415 850 477 ssuuuruu‘rsus.
1168 414 1228 475 sou

161 538 292 639 quenti
308 535 538 637 expeditione
553 532 704 609 rebelles
719 536 925 635 impeteret,
940 550 977 609 et
995 535 1068 633 ipsc
1081 536 1137 631 (ut
1149 529 1229 605 bel·

164 655 233 729 lics
245 680 324 729 sors
338 653 497 753 expetit)
512 652 641 727 domm
658 667 855 751 pateretur,
871 666 909 725 et
923 650 1053 723 demtus
1067 644 1230 722 hostibus

164 771 318 845 inferret
331 822 343 857 ,
356 767 550 869 predictus
568 793 688 844 comes
702 767 902 843 Wolterius
920 781 958 842 et
978 767 1080 840 Biots
1096 766 1230 861 conjux

161 890 240 986 ejus
256 913 323 987 per
335 886 568 960 inimicorum
580 883 866 959 msultiuumeutu
881 883 989 956 simul
1003 886 1067 980 (ut
1082 878 1231 977 ferunt)

164 1002 288 1079 lethuli
307 1028 447 1077 veneno
464 999 713 1077 fraudulenter
729 1001 852 1075 inlecti
869 1000 1041 1076 obierunt
1055 1001 1121 1097 (ι).
1138 997 1233 1091 Qui·

162 1118 235 1193 bus
256 1117 458 1207 defunctis,
484 1118 645 1195 securior
663 1120 735 1191 dux
758 1145 841 1191 cum
860 1142 993 1219 magno
1014 1114 1150 1191 robore
1169 1138 1233 1188 re-

162 1237 276 1311 belles
297 1237 472 1337 expetiit,
495 1236 799 1310 Cenomuuuicum
820 1235 949 1311 urbem
970 1233 1110 1308 civibus
1132 1232 1232 1307 ultro

161 1380 240 1429 sese
261 1351 474 1427 dedentibus
495 1378 579 1427 cum
600 1354 736 1453 ingenti
759 1352 920 1453 tripudio
942 1352 1102 1451 recepit,
1127 1348 1233 1449 eique

157 1470 320 1545 domnus
339 1468 518 1543 Ernuldus
538 1470 697 1568 ejusdem
718 1467 818 1542 urbis
837 1468 967 1570 praesul
990 1494 1074 1541 cum
1094 1465 1233 1541 clericis

158 1603 200 1663 et
229 1585 415 1660 monachis
444 1588 621 1662 revestitis
651 1602 770 1661 textus
803 1608 998 1686 crucesque
1031 1580 1234 1657 fetentibus

159 1701 428 1779 honorubiliter
442 1702 586 1777 obvium
604 1705 791 1803 processit.

211 1824 328 1896 Pon-o
345 1820 557 1895 Goisl'redus
572 1820 617 1897 de
634 1822 807 1897 Medusnu
826 1836 937 1895 tuntae
953 1819 1115 1895 lelicitsti
1131 1818 1232 1891 ducis

161 1938 318 2027 invidit,
335 1939 440 2039 eique
455 1956 633 2040 qusutum
650 1939 772 2039 potuit
786 1938 1005 2011 sdversurios
1020 1934 1228 2020 excitando,

158 2057 312 2159 eliisque
324 2057 441 2130 mosiis
457 2057 548 2130 malr
561 2055 801 2131 machinando
814 2082 946 2131 nocere
961 2050 1112 2127 studuit.
1125 2050 1231 2127 Uudc

157 2173 258 2261 dux,
277 2190 467 2276 postquem
484 2175 705 2275 proterviam
721 2177 817 2272 ejus,
836 2189 877 2245 ut
897 2198 964 2272 per
978 2198 1015 2245 sc
1031 2171 1109 2244 sine
1131 2168 1231 2243 mul·

159 2304 285 2363 torum
299 2288 521 2364 detrimento
535 2290 792 2389 corrigeretur,
810 2285 1018 2389 uliqusndiu
1036 2286 1226 2372 toleruvit,

157 2420 288 2479 ‹nntrs
304 2422 589 2505 perseverantem
609 2407 644 2478 in
661 2406 820 2505 nequitis
837 2406 1019 2506 ingentem
1032 2400 1229 2477 exercitum

158 2522 298 2609 movit,
319 2519 512 2595 Ambrerus
529 2526 584 2621 (α)
603 2521 778 2623 oppidum
794 2524 868 2621 ejus
884 2523 1001 2622 cepit,
1024 2538 1061 2596 et
1081 2520 1229 2595 Medua-

159 2662 248 2711 nem
264 2653 348 2737 post
362 2636 540 2710 diutinum
556 2637 781 2714 ohsidionem
800 2638 1009 2715 combussit.
1030 2638 1093 2710 His
1110 2638 1229 2739 itaque

156 2750 303 2825 duobus
320 2753 471 2827 custellis
487 2754 556 2827 sibi
572 2754 746 2844 subactis,
766 2754 945 2829 (loisfredi
963 2753 1227 2829 contumacium

158 2870 293 2973 fregit,
317 2870 458 2972 sibique
486 2874 621 2973 ipsum,
648 2874 710 2974 qui
738 2872 954 2947 fortissimus
972 2874 1228 2947 Cenomsnno-

159 3012 243 3061 nrm
260 2987 348 3063 ulios
366 3004 547 3063 tumentes
563 3016 683 3063 secum
703 2990 866 3065 resistere
882 2988 1071 3079 suudebut,
1094 2988 1227 3062 servire

159 3106 294 3203 coegit.
310 3104 394 3197 Quo
406 3124 592 3207 superato,
609 3135 701 3207 pene
723 3136 849 3182 ornnes
867 3108 962 3181 illius
982 3107 1175 3208 complices
1190 3123 1227 3181 ct

159 3224 205 3295 ssl
235 3221 482 3299 rebellandum
508 3224 685 3313 lautores,
713 3242 852 3299 terrore
881 3226 1017 3298 curtati
1049 3239 1156 3311 sunt,
1190 3240 1227 3295 rt

159 3338 397 3413 Willermum
414 3343 637 3442 principem,
659 3369 766 3442 quem
782 3343 902 3414 divino
919 3367 1046 3413 munus
1064 3356 1228 3439 protege·

196 3650 236 3711 ts)
255 3644 308 3698 (ἔνι
325 3648 488 3698 s²sins=usrut
504 3653 552 3697 eut
571 3643 626 3699 lieu
638 3648 653 3696 'a
666 3642 777 3711 Felsisr,
789 3646 825 3697 nis
838 3642 1002 3700 Guillsume
1017 3644 1088 3699 assit
1099 3662 1227 3701 ersus-ne

158 3752 196 3789 ec
207 3736 339 3805 nptisits‘·
350 3734 470 3789 Gsutier
479 3744 507 3787 rt
521 3752 548 3787 ss
562 3736 680 3801 lemur,
694 3752 726 3789 oe
737 3734 787 3807 qni
803 3732 919 3809 indique
932 3732 1145 3799 sufflammat,
1156 3736 1225 3791 ml·

160 3840 211 3893 prr
222 3820 250 3877 ts
262 3822 413 3877 discretim
424 3822 575 3877 d'ttrderic
590 3823 681 3890 t'iul,
699 3823 791 3898 quelle
806 3824 881 3879 utin
894 3824 965 3879 mit
981 3840 1058 3879 tene
1076 3823 1103 3879 ts
1114 3826 1223 3899 μύωπι.

160 3912 212 3967 ta
225 3915 450 3986 coutenponins
463 3926 491 3969 et
505 3924 615 3971 surtout
633 3914 672 3969 to
683 3916 811 3971 nummis
821 3912 860 3969 dn
873 3912 929 3969 duc
941 3933 957 3986 y
970 3916 1149 3989 epportireut
1163 3915 1226 3990 plus

158 4000 196 4055 ds
209 4002 357 4065 [nechite.
372 4014 402 4058 ct
413 4003 452 4058 lui
463 4006 650 4077 exprimerent
663 4016 777 4060 mutent
789 4014 868 4059 touls·
877 4004 1015 4059 l'ltcrsrur
1027 4022 1082 4079 que
1094 4022 1126 4059 cr
1138 4010 1225 4061 rritttr

160 4090 222 4145 leur
232 4092 374 4163 inspersit,
389 4110 497 4147 muse
508 4110 578 4147 nous
590 4111 692 4149 surons
700 4096 825 4149 occasion
838 4092 874 4149 de
885 4094 912 4149 ts
924 4098 984 4149 sois
995 4095 1021 4149 ri
1027 4094 1158 4149 -dcssous

195 4180 235 4243 lu)
254 4179 413 4236 sobrino
428 4182 599 4249 {dissonet
