2768 5094
293 403 352 466 468
569 403 754 465 HISTORIA
775 404 1083 468 ecetestsstlcs.

293 523 352 611 tis,
367 523 560 622 amicisque
572 524 643 595 suis
654 521 698 596 de
711 526 895 598 communi
914 524 1069 601 utilitate
1083 528 1292 602 monasterii
1304 534 1342 601 sui

293 656 445 713 tractare
460 639 611 714 studuit.
626 640 765 733 Quibus
782 642 834 714 illi
852 641 1179 743 adquiescentibus,
1196 643 1344 721 abbatem

294 785 399 830 suum
418 757 553 832 obnixe
572 759 711 860 rogavit
732 775 773 832 ut
794 762 998 862 prioratum
1017 762 1165 837 Manliae
1186 763 1249 837 alii
1266 789 1345 838 com

292 875 502 964 mendaret,
526 877 696 976 quatinus
720 877 794 976 ipse
818 877 863 951 ad
887 878 1038 953 aliarum
1066 882 1346 978 procurationem

291 1020 415 1066 rerum
434 991 584 1066 liberior
599 992 821 1093 procederet.
840 993 948 1089 Quod
963 1012 1001 1069 et
1016 995 1156 1083 sacham
1168 1011 1235 1071 est.
1252 994 1347 1071 Gnid

292 1110 448 1182 mundus
459 1111 571 1197 enim,
586 1111 649 1210 qui
663 1110 862 1211 solengiaci
878 1112 935 1210 (ι)
950 1100 1142 1215 ριαῌῑὲτ
1158 1112 1291 1201 luent,
1306 1115 1349 1184 vir

293 1223 424 1313 bonus,
447 1226 484 1296 in
501 1225 584 1298 loco
598 1228 673 1323 ejus
686 1225 899 1325 subrogatus
915 1241 985 1315 est,
1004 1242 1041 1301 et
1057 1225 1238 1329 praefatus
1250 1228 1349 1301 medi-

291 1368 353 1412 cus
365 1366 594 1438 proauorum
608 1341 864 1416 commoditate
876 1343 1030 1416 fratrum
1042 1357 1125 1418 toto
1142 1346 1228 1418 nisu
1246 1344 1349 1444 ptum

291 1458 479 1531 Gallorum
488 1458 626 1558 equites
634 1476 888 1558 aggressusest.
899 1459 1080 1554 Quosdam
1088 1461 1243 1561 quidem
1252 1459 1349 1536 illexit

289 1575 494 1648 medicinali
526 1601 610 1648 cura
639 1592 677 1650 et
705 1581 903 1669 subventu,
933 1577 1094 1678 aliosque
1123 1576 1347 1663 manaim,

288 1705 464 1792 utrosque
476 1717 564 1765 vero
579 1692 741 1764 facundis
753 1692 970 1767 hortatibus.

322 1804 519 1880 ¹Unlridus
556 1809 666 1907 igitur
694 1825 938 1907 cognomento
968 1811 1133 1897 llarenc,
1167 1826 1206 1883 et
1238 1810 1350 1881 llarisa

289 1950 382 1998 uxor
400 1927 491 2021 ejus,
514 1939 550 1996 et
573 1922 636 1996 lilii
662 1924 819 2023 ejusdem
837 1927 999 1998 llavisae:
1019 1927 1182 2026 Paganus
1196 1924 1352 2001 videlicet

288 2069 329 2114 ac
347 2042 561 2129 Alexander,
586 2058 622 2115 et
643 2043 817 2143 Rogerius
838 2042 882 2116 dc
907 2043 1010 2117 Rolla
1027 2043 1137 2118 Crota
1156 2043 1232 2141 (a),
1252 2068 1350 2117 uxor·

289 2185 360 2259 quc
378 2163 451 2256 ejus
468 2159 613 2244 Basilla‚
633 2174 670 2231 et
685 2159 781 2232 lilius
799 2159 936 2232 Rasillae
956 2157 1157 2245 Guiardus,
1181 2184 1352 2234 concesse

289 2292 378 2348 runt
395 2278 470 2352 Deo
488 2292 524 2350 et
539 2293 663 2349 sancto
681 2274 833 2350 Ebrullo
848 2277 1035 2353 ecclesiam
1046 2277 1090 2350 de
1103 2275 1265 2351 Villariis
1281 2276 1354 2351 Vas·

289 2396 372 2466 tatis
385 2397 455 2491 (ὅ),
475 2411 511 2467 et
528 2394 700 2467 decimam
719 2393 762 2465 ad
780 2392 940 2471 eamdem
958 2394 1220 2492 pertinentem,
1234 2409 1273 2467 et
1287 2408 1355 2466 te·

289 2539 366 2581 ram
399 2514 459 2583 uui
493 2538 651 2584 carrucae
681 2512 928 2585 sufficientem.
959 2510 1226 2586 concesseruut
1255 2510 1354 2583 etiam

291 2628 402 2699 totius
416 2626 510 2698 villae
521 2626 807 2727 herbergagium,
818 2625 954 2728 absque
966 2626 1075 2700 ullius
1083 2626 1355 2726 participatione

288 2746 451 2844 quietum
459 2774 470 2833 5
493 2761 623 2817 terram
644 2771 806 2845 quoque,
836 2761 907 2817 tam
931 2747 967 2816 in
993 2743 1172 2816 mansuris
1186 2770 1297 2843 quam
1320 2743 1354 2815 in

289 2865 452 2960 rupturis
464 2865 575 2936 totius
584 2864 795 2962 parrochiae,
810 2860 1016 2936 hominibus
1027 2860 1162 2935 ibidem
1171 2859 1355 2962 hospitatis

291 2978 543 3065 excolendam,
574 2995 754 3052 reservato
782 2978 848 3050 sibi
877 2977 1352 3077 tantummodo‘esmparto.

345 3173 378 3179 -
401 3173 426 3177 -.
477 3172 494 3178 ..
513 3172 536 3177 -
604 3171 759 3178 .-.-.-.-..
783 3170 884 3178 --.υ-.-
909 3170 994 3177 -----

325 3288 334 3346 (
342 3290 365 3347 t)
384 3280 534 3353 Soulangi,
548 3282 611 3352 pres
624 3279 727 3333 Falaise
740 3282 850 3350 (Orne).

325 3372 364 3441 (a)
383 3367 570 3441 Aujourd’hui
584 3367 750 3422 Rolleboise.
769 3367 816 3423 On
832 3379 928 3423 trouve
941 3367 1038 3423 cellen
1056 3366 1172 3439 de'signe
1187 3384 1240 3439 par
1253 3364 1279 3421 le
1294 3383 1355 3421 nom

290 3460 325 3515 de
339 3461 509 3528 Rollecrr'pta
522 3477 558 3512 en
574 3469 680 3532 1199et
696 3457 775 3526 1223,
794 3458 829 3513 de
846 3457 1016 3532 llollecripte
1028 3476 1064 3515 eu
1084 3454 1166 3523 1225,
1181 3468 1212 3513 et
1230 3457 1306 3513 enlin
1324 3456 1356 3511 de

289 3551 446 3608 Rolleboise
455 3549 523 3604 dans
536 3559 609 3603 cette
619 3549 709 3604 meme
722 3552 819 3604 ιιιιιόε.
834 3550 928 3624 Voyea
936 3549 962 3605 le
975 3548 1122 3605 cartulaire
1130 3547 1354 3606 destitit-Wan-

290 3641 387 3707 drille,
402 3640 526 3695 archives
539 3636 575 3692 de
586 3636 611 3692 la
625 3638 883 3693 Scine-luserieure.

325 3730 363 3801 (ὃ)
382 3728 646 3800 l'illegastlEurc)‚
662 3727 736 3782 ἰιΙἘ.
751 3728 779 3783 S.
795 3728 826 3782 E.
840 3727 876 3782 de
885 3729 959 3783 Paci.
973 3727 1050 3781 Nous
1061 3743 1144 3782 avons
1158 3743 1193 3779 ru
1210 3724 1352 3786 ciete-us.

291 3822 310 3874 l.
338 3839 380 3885 ιιι,
402 3840 429 3892 p.
452 3817 501 3884 31,
519 3806 580 3890 ⁸que
603 3836 635 3871 ce
654 3817 710 3872 lieu
728 3819 811 3884 erait,
833 3817 941 3891 d'apres
959 3817 1131 3872 l'insentaire
1150 3814 1200 3871 des
1227 3816 1307 3871 sitm
1323 3813 1355 3868 de

291 3898 513 3973 Salat-Enoch,
529 3908 553 3960 lc
571 3909 660 3961 meme
676 3926 730 3981 quc
744 3907 985 3964 Vilers-lc-Galeis
998 3907 1033 3962 de
1045 3906 1072 3961 la
1090 3907 1187 3961 charte
1204 3904 1241 3961 de
1255 3904 1355 3961 notes

292 3998 327 4052 de
347 3998 490 4060 leicester,
510 4006 538 4048 et
557 4014 626 4048 nous
638 4014 721 4050 avons
739 4000 868 4073 reptasse
887 4007 959 4052 cette
972 3997 1151 4068 synonyme,
1165 4013 1221 4068 quc
1234 4011 1304 4049 nous
1315 4012 1353 4047 rr-

294 4097 417 4160 grettons
431 4085 533 4139 ‹l‘aeoir
546 4084 650 4139 admisu
663 4085 730 4139 «lans
746 4085 770 4140 lc
780 4085 965 4143 dictionnairc
977 4085 1025 4140 des
1041 4084 1152 4139 ancient
1168 4100 1248 4138 uoms
1257 4082 1293 4138 de
1304 4083 1354 4137 lieu

292 4183 330 4236 du
344 4178 533 4238 denartetncnt
547 4175 581 4229 dr
594 4176 694 4230 l'llurc.
