2768 5094
303 376 364 437 27⁴
582 373 767 434 HISTORIA
790 372 1095 465 ECCLESlASTlCA.
1214 376 1365 455 [esent]

353 495 453 570 Alios
476 493 566 567 duos
593 493 742 582 tratres,
766 493 865 594 quod
889 492 992 566 binas
1019 493 1181 566 ssasculm
1205 496 1295 569 celia
1320 499 1366 595 (ι)

302 613 465 713 impletas
493 607 561 683 sub
586 610 736 711 palustri
763 610 912 685 sablone
938 610 1231 702 abscondissent,
1259 614 1367 688 incre·

300 747 383 832 pat,
411 731 533 832 eisque
550 755 619 828 pro
644 743 743 801 tanta
765 730 833 801 viri
855 729 921 802 Dei
941 729 1128 829 sagacitate
1146 730 1367 830 stupentibus

301 864 339 923 et
356 847 401 921 ad
417 846 536 920 solum
549 845 744 948 prostratis
763 843 972 946 benigniter
988 844 1151 919 indulsit.

351 963 457 1035 Fama
483 960 528 1035 de
556 958 664 1035 beato
693 957 875 1034 Gutblaco
902 960 1011 1060 longe
1041 959 1185 1061 lateque
1214 962 1370 1038 celeriter

304 1079 470 1166 volante,
495 1078 600 1151 multi
623 1078 667 1149 ad
685 1104 769 1150 eum
784 1080 937 1152 veniunt
956 1079 1183 1152 diversorum
1205 1081 1370 1154 ordinum

303 1199 460 1299 gradus:
481 1194 644 1281 abbates,
664 1195 856 1283 monachi,
876 1197 1046 1285 comites,
1069 1196 1220 1287 divites,
1242 1203 1370 1289 vexati,

300 1338 545 1415 pauperesque
554 1312 598 1385 de
607 1312 783 1411 proximis
792 1313 1016 1386 Merciorum
1024 1312 1158 1386 finibus
1168 1330 1206 1388 et
1214 1315 1373 1392 deoemo

302 1432 349 1503 tis
362 1429 561 1506 Britanuiae
573 1427 748 1527 partibus,
764 1456 832 1528 pro
846 1430 958 1503 salute
975 1433 1140 1530 corporis
1155 1448 1222 1504 aut
1232 1435 1371 1509 anime.

301 1543 350 1619 Et
359 1546 512 1647 quisque
526 1543 576 1633 id,
592 1570 662 1643 pro
674 1570 750 1644 quo
759 1543 915 1619 fideliter
923 1561 1084 1634 venerat,
1101 1545 1301 1623 salubriter
1314 1548 1374 1625 ob

305 1662 456 1739 tinebat.
488 1665 660 1762 Quotus
684 1663 783 1736 enim
802 1663 1021 1754 remedium,
1050 1664 1162 1736 tristis
1184 1665 1374 1766 gaudia,

302 1784 488 1883 poenitens
501 1780 801 1872 consolationem,
816 1797 852 1854 et
861 1781 1149 1882 quisqueanxius
1161 1784 1376 1888 percipiebat

303 1901 569 1977 alleviationem
591 1926 657 1998 per
680 1899 750 1972 viri
774 1899 838 1973 Dei
863 1900 1121 1976 allocutionem
1145 1917 1183 1975 et
1205 1905 1376 1979 efficacem

305 2020 524 2095 orationem.

355 2135 473 2224 Obba,
483 2135 863 2236 comesinelytiexulis
874 2135 1179 2226 Edelbaldi,dnm
1188 2166 1257 2239 per
1268 2166 1376 2244 agres-

308 2255 356 2327 tia
374 2280 460 2327 rura
475 2251 700 2350 graderetur,
718 2252 832 2350 spinae
848 2250 993 2325 latentis
1008 2251 1077 2325 sub
1095 2252 1218 2329 herbis
1237 2257 1376 2331 inculte

310 2369 451 2444 telluris
469 2367 583 2439 fixura
603 2367 639 2438 in
656 2365 744 2463 pede
760 2365 864 2439 laesus
880 2384 953 2456 est;
975 2370 1022 2442 ita
1040 2383 1113 2441 uta
1131 2370 1257 2470 planta
1275 2399 1376 2475 usque

309 2486 354 2559 ad
380 2483 523 2557 lumbos
550 2498 668 2555 totum
696 2506 828 2582 corpus
855 2486 929 2584 ejus
955 2502 1193 2580 tumesceret,
1216 2517 1285 2566 nec
1303 2519 1376 2567 eum

309 2627 426 2677 novus
440 2598 547 2672 dolor
556 2597 690 2686 sedere,
705 2599 762 2672 vel
775 2617 882 2689 stare,
896 2602 952 2676 vel
964 2608 1081 2702 jacere
1094 2608 1219 2708 quiete
1231 2611 1376 2696 sineret;

311 2717 409 2793 unde
430 2717 491 2789 vix
509 2715 741 2790 Crnlandiam
757 2720 936 2816 pervenit.
958 2723 1046 2794 Mox
1063 2738 1106 2794 nt
1121 2723 1166 2796 ad
1183 2727 1308 2799 virum
1324 2732 1376 2801 Dei

311 2834 508 2937 perductus
520 2851 592 2924 est,
608 2850 645 2908 et
657 2860 759 2908 eausa
772 2838 972 2911 vexationis
983 2867 1027 2914 ex
1041 2839 1171 2916 ordine
1184 2844 1297 2919 relata
1314 2863 1376 2931 cst1

314 2951 513 3027 Gutblucus
530 2951 662 3025 luterio
676 2952 863 3026 melotinae
876 2956 954 3053 (a),
975 2956 1012 3029 in
1025 2984 1102 3059 quo
1114 2957 1256 3037 solebat
1267 2988 1371 3038 orare

317 3072 433 3171 ipsum
453 3068 707 3158 circumdedit,
726 3073 920 3173 statimque
939 3072 1037 3149 dieto
1056 3078 1163 3152 citius
1180 3082 1323 3181 spinula
1343 3081 1375 3155 d<

316 3185 407 3286 pede
425 3188 521 3284 ejus,
542 3184 640 3257 velut
659 3188 785 3285 sagitta
805 3187 850 3260 ab
870 3216 955 3262 arcu
975 3191 1138 3284 demissa,
1155 3196 1299 3272 resiliit.
1319 3201 1375 3272 Fa

315 3304 398 3378 dem
416 3304 536 3402 itaque
551 3300 638 3376 bora
650 3306 752 3376 omni
771 3304 923 3381 humore
939 3308 1062 3384 sedato
1075 3337 1171 3412 aeger
1182 3317 1367 3390 convaluit

319 3440 355 3497 et
367 3426 444 3497 Deo
456 3423 585 3520 gratias
597 3449 680 3494 cum
696 3420 750 3494 bis
762 3425 824 3523 qni
840 3422 908 3497 hoc
925 3426 1109 3517 siderant,
1125 3428 1233 3507 laetus
1249 3435 1373 3509 retulit

370 3537 562 3632 Quondam
574 3539 713 3613 Headda
727 3540 858 3637 praesul
867 3542 922 3640 (ὅ)
931 3569 1015 3615 cum
1025 3543 1244 3645 quibusdam
1254 3550 1375 3626 clerici:

280 3841 288 3858 ‚
353 3785 392 3852 (ι)
411 3785 513 3856 Espece
526 3782 560 3838 de
573 3783 650 3837 hiere
667 3782 736 3838 dans
749 3783 775 3838 la
788 3789 967 3859 preparation
980 3789 1015 3845 de
1027 3791 1146 3868 laquelle
1158 3795 1179 3850 il
1192 3799 1284 3870 punit
1295 3818 1350 3875 qne
1363 3799 1374 3853 l

318 3872 363 3926 bls'·
377 3873 444 3925 etait
457 3871 584 3944 employe
597 3890 632 3926 an
643 3871 699 3926 lieu
713 3871 820 3946 d'orgc.

353 3963 392 4028 (a)
410 3961 582 4013 Convertere
593 3959 628 4013 de
641 3959 674 4013 lit
687 3959 722 4014 de
735 3980 821 4034 [esua
835 3962 998 4038 d’agneaux.

354 4045 393 4115 (3)
412 4048 490 4102 Saint
509 4046 621 4112 Medda,
638 4050 742 4123 &reque
755 4050 790 4106 dc
804 4051 972 4111 Dorcbcster
985 4055 1085 4132 (67b7
1097 4058 1190 4130 juillet
1205 4059 1284 4137 705).
1302 4064 1374 4137 Voye

320 4141 358 4195 les
371 4143 445 4194 Actu
461 4140 512 4194 SS.
528 4139 633 4194 ordim's
649 4143 676 4195 S.
694 4143 839 4199 Benedicti
844 4191 849 4204 .
867 4166 931 4201 soec.
948 4166 991 4214 ur,
1007 4167 1034 4223 p.
1053 4168 1075 4203 ι.
