2768 5094
140 386 348 464 [naasson]
511 383 830 446 massmannus.
1169 391 1208 451 75

140 521 173 581 st
194 519 410 605 receperunt
422 558 433 592 ‚
453 506 705 607 optimumque
727 505 884 605 ejusdcm
905 507 1051 606 Rogerii
1075 533 1208 608 etfuum

140 621 276 697 {teon
301 620 487 695 monachis
514 649 585 724 pro
609 624 683 719 ejtn
706 621 824 695 anima
848 621 1077 697 obtulerunt.
1103 624 1208 700 Hunc

140 765 225 840 sago
248 765 407 840 equum,
435 740 519 839 quia
547 741 724 839 pretiosus
746 757 846 833 etat,
871 740 1050 815 Ertialdus
1075 757 1115 813 nt
1137 740 1206 815 sibi

140 855 334 930 donaretur
357 856 480 954 petiit,
504 873 540 930 et
561 855 785 945 Baldricum,
813 857 1048 959 hominesque
1066 884 1149 935 suos
1170 873 1207 931 et

140 992 270 1083 maran!
285 973 330 1048 dc
347 975 556 1074 balgenzaio
576 974 738 1074 pristinae
755 975 1019 1050 monachorum
1037 975 1205 1075 potestati

140 1089 323 1165 mucescit.
351 1089 458 1183 Quod
483 1105 520 1165 et
544 1092 592 1163 ita
618 1090 842 1163 factumest.
868 1089 1049 1163 Ernaldus
1069 1115 1205 1191 equum

140 1203 342 1280 tonsobrini
362 1208 416 1279 sui
439 1207 584 1306 lingerii
601 1234 620 1279 a
642 1205 828 1281 liodberto
848 1206 977 1282 abbate
994 1207 1149 1311 accepit,
1169 1223 1206 1281 ct

140 1320 339 1396 baldricum
365 1339 551 1425 totamque
576 1342 708 1400 tertam
739 1324 783 1401 de
809 1324 1021 1425 balgenzaio
1047 1324 1205 1399 ccclcsiae

140 1439 297 1516 lominio
309 1441 477 1517 reddidit.
497 1444 681 1517 Baldticns
696 1459 816 1517 autem
834 1440 934 1544 quod
949 1443 1069 1544 gravia
1088 1468 1204 1518 evase·

140 1572 185 1629 at
201 1558 349 1631 Etnaldi
367 1560 510 1632 servitia
523 1555 698 1660 gaudens,
713 1559 942 1633 dominatum
954 1585 1078 1646 suum,
1094 1584 1203 1659 quem

142 1700 166 1747 n
180 1672 266 1746 villa
278 1674 399 1747 Sancti
415 1672 553 1748 Ebmlli
567 1672 721 1750 habebat
730 1729 741 1763 ‚
757 1674 942 1749 monacbis
955 1672 1068 1764 dedit,
1085 1689 1120 1747 et
1135 1690 1204 1748 ter·

139 1816 221 1880 am,
234 1818 345 1894 quam
358 1819 463 1893 supra
478 1793 635 1867 rivulum
651 1796 789 1866 Ductus
803 1792 946 1865 Villaris
960 1794 975 1892 (
983 1793 1017 1892 t)
1032 1789 1200 1879 babebat,

140 1923 163 1982 :t
181 1925 316 1982 terram
333 1909 535 1985 Normanni
555 1911 658 1984 Mica
675 1927 711 1984 et
733 1911 885 2010 Benigni
913 1907 1072 1983 tradidit.
1096 1910 1202 1982 Tunc

140 2023 312 2099 laldricus
323 2024 510 2100 ltodberto
526 2025 645 2100 abbati
658 2027 796 2125 junctis
813 2024 979 2099 manibus
993 2026 1201 2100 fidelitatem

140 2141 238 2232 'ecit,
258 2160 294 2218 et
314 2145 573 2246 subjectionem
591 2146 840 2246 justitiamque
856 2142 901 2219 dc
917 2172 954 2219 se
969 2145 1112 2244 suisque
1130 2142 1201 2219 ho-

140 2258 288 2335 ninibns
304 2264 495 2363 promisit,
511 2280 547 2336 et
563 2288 793 2363 summopetc
809 2290 854 2336 ne
875 2260 1052 2336 bonorem
1066 2263 1141 2360 cjus
1154 2260 1200 2336 dc

140 2393 303 2453 totatate
321 2377 584 2454 monachornm
605 2380 759 2479 amplius
778 2381 991 2479 projiceret,
1019 2378 1195 2477 poposcit.

140 2495 209 2568 loc
232 2497 354 2597 itaque
378 2495 564 2570 mottacltis
590 2492 892 2570 confirmantibus
909 2510 1029 2567 ratum
1051 2494 1141 2582 luit,
1162 2510 1199 2569 ct

140 2610 280 2711 amipsc
289 2637 398 2711 qnam
410 2608 718 2685 Rodbertusfilins
728 2614 923 2711 cjnsusquc
935 2611 971 2682 in
981 2607 1198 2691 hodiernum

140 2729 216 2803 liam
243 2756 312 2828 pro
339 2744 433 2802 tcrra
456 2729 501 2803 de
524 2728 734 2831 balgenzaio
759 2726 989 2802 solummodo
1011 2725 1198 2801 monachis

140 2844 303 2919 militavit.

168 2962 349 3038 Uticensis
376 2967 512 3065 qnippe
542 2961 684 3037 abbatia
716 2964 753 3037 in
780 2963 890 3036 leudo
914 2962 959 3038 de
986 2961 1197 3061 balgenzaio

140 3082 306 3163 onsistit.
333 3098 370 3154 ct
402 3081 590 3183 saepefatus
618 3080 801 3155 Baldricus
827 3107 966 3182 magnas
995 3077 1196 3153 nobilitatis

140 3200 203 3272 nit
227 3199 318 3273 Nam
338 3198 561 3277 Gislebcrtus
581 3228 701 3277 comcs
724 3201 895 3274 Brionnae
917 3224 1029 3299 nepos
1051 3198 1193 3271 Ricanli

140 3319 223 3391 lucis
246 3318 542 3394 Nocntannortnn
575 3318 739 3393 Baldrico
764 3319 970 3390 Teutonico
997 3319 1083 3414 (qui
1110 3343 1194 3389 cum

140 3435 288 3535 Vigerio
310 3437 422 3511 fratrc
445 3464 511 3511 suo
533 3438 569 3509 in
593 3437 853 3510 Normanniant
872 3450 1019 3507 senciat
1040 3431 1194 3508 Ricardo

143 3554 202 3625 nci
219 3555 369 3652 servire)
384 3571 528 3654 ncptcm
542 3581 640 3625 suain
657 3554 694 3625 in
709 3553 917 3651 conjugium
930 3549 1049 3636 dodit,
1065 3578 1107 3621 cx
1122 3576 1193 3650 qun

140 3672 195 3743 tati
214 3688 300 3744 sunt
316 3699 374 3745 sex
397 3672 460 3744 lilii
485 3687 522 3743 ct
543 3671 663 3771 pluras
681 3670 764 3743 liliae
783 3701 790 3741 :
808 3669 975 3742 Nicolaus
991 3668 1127 3771 scilicet
1148 3667 1192 3742 dc

140 3786 333 3863 lascbevilla
352 3805 388 3863 et
408 3789 519 3863 Fulco
537 3789 581 3862 de
594 3787 737 3876 lllnon,
757 3783 961 3861 ttodbenus
977 3784 1022 3860 dc
1039 3787 1193 3861 Cocceio

335 3973 1020 3986 —a——n—--a—-n——n--n--u—=
1038 3972 1131 3983 --—--
1155 3974 1163 3979 -
1180 3976 1186 3981 .

151 4077 191 4142 (t)
204 4072 282 4127 non·
296 4090 331 4125 nc
348 4073 526 4126 connaissons
539 4075 617 4145 insint
629 4090 660 4123 cc
674 4071 777 4136 [loun-t,
790 4072 839 4146 qni
853 4070 961 4143 d'apria
973 4090 1022 4126 son
1038 4091 1103 4126 nntn
1117 4090 1182 4125 tctn-

140 4162 216 4217 lenit
231 4163 291 4216 itae
304 4162 375 4216 sitne
388 4179 436 4216 sur
449 4161 474 4216 lc
486 4164 626 4217 territoin·
636 4161 671 4215 «lc
684 4160 785 4216 l‘illcrs
800 4179 835 4215 en
850 4162 961 4217 llncbc.
