2768 5094
274 399 313 457 ιο
557 396 741 457 nrsronn
762 396 1066 459 nocturnum.
1146 403 1348 482 [ιιιι-ιιιιι

277 505 397 588 tarum
426 514 636 615 indaginem
657 541 781 589 rerum
801 516 999 616 ‚insigniter
1020 519 1163 618 ,attigit
1196 519 1292 594 Nam
1318 524 1347 594 in
1380 555 1382 562 ¹

275 634 503 739 grammatica
522 650 559 708 et
580 631 784 739 dialectica,
811 635 849 706 in
870 634 1092 709 asti-bnomia
1114 663 1272 738 quoque
1295 667 1348 714 no

276 748 400 824 biliter
412 749 575 825 eruditus
592 767 665 843 est,
678 767 715 824 et
729 746 876 824 musica.
892 751 1054 853 Physicae
1068 774 1222 854 quoque
1235 757 1348 829 scien·

276 869 364 940 tiam
382 882 454 940 tam
470 869 626 968 copiose
634 866 778 957 habuit,
794 882 835 939 ut
849 868 887 940 in
902 867 993 942 urbe
1006 868 1273 961 Psalernitaoa,
1292 870 1346 944 ubi

274 983 441 1056 maximoe
464 982 685 1057 medicorum
709 982 841 1056 scholae
863 980 1079 1084 abantiquo
1100 999 1275 1097 tempore
1291 986 1348 1061 ln·

275 1097 422 1189 bentur,
438 1102 621 1176 neminem
636 1102 673 1173 in
687 1070 889 1175 medicinali
903 1103 1346 1232 arte‚proeterquamdam

263 1211 470 1312 ‘sapientem
479 1230 685 1287 matronam
695 1211 763 1296 sihi
777 1238 899 1312 parem
914 1212 1106 1286 inveniret.
1121 1211 1172 1286 At
1183 1217 1347 1314 quamvis

195 1360 200 1371 ·
274 1332 593 1407 tantalitterarum
607 1331 735 1431 peritia
751 1330 926 1430 polleret,
946 1355 1023 1404 non
1040 1346 1161 1404 tamen
1179 1332 1278 1423 otio,
1292 1332 1346 1407 sed

273 1447 415 1522 militiae
429 1448 860 1549 laboridiu‘mancipatus
874 1463 945 1538 est,
964 1434 1002 1522 &t
1021 1446 1092 1547 tim
1110 1475 1228 1523 manu
1241 1477 1347 1552 qum

274 1567 427 1641 consilio
452 1568 491 1641 in
510 1565 646 1641 bellico
674 1567 881 1641 discrimine
906 1565 1100 1667 praeclarus
1125 1567 1226 1642 iuter
1250 1595 1347 1644 coes-

175 1758 186 1779 ,
273 1700 390 1758 sentes
405 1686 688 1761 suosmultoties
705 1683 879 1784 probatus
896 1699 961 1789 est.
982 1683 1094 1758 Multa
1109 1683 1252 1774 adhuc,
1267 1712 1345 1788 quae

272 1799 379 1878 nobis
396 1790 685 1892 mimidensis,
709 1792 1185 1892 Mosterolenffisasfernnu
1204 1820 1291 1903 qne
1304 1804 1344 1878 (le

270 1914 464 1999 subtilibus
480 1919 734 2017 experimentis
756 1922 831 2017 ejus
857 1918 983 1993 contla
1008 1916 1158 1991 morbos
1173 1918 1235 1997 ¹rel
1258 1919 1343 1994 alios

271 2034 470 2135 insperatos
498 2052 646 2110 eventus
670 2034 759 2109 rel
751 2036 816 2134 ipsi
844 2032 1035 2126 viderunt,
1053 2034 1109 2108 vel
1133 2061 1154 2108 ιι
1164 2035 1343 2134 patribus

269 2177 341 2225 stus
344 2134 530 2285 {uibus
507 2178 581 2252 ipse
596 2153 702 2250 longa
713 2152 883 2225 comitate
895 2166 1104 2224 notissimus
1117 2149 1206 2242 fuit,
1219 2151 1341 2226 andie-

268 2262 369 2342 riint.
370 2271 468 2368 lpse
483 2268 631 2342 tandem
646 2267 836 2340 tltubantis
855 2266 986 2340 mundi
999 2268 1143 2339 ruinam
1159 2282 1338 2354 metuens,

267 2397 304 2458 et
313 2382 483 2484 prudenti
498 2384 789 2483 tergiversatione
802 2383 1020 2480 praemone,
1035 2381 1157 2455 saeouli
1169 2383 1262 2457 luxu
1272 2383 1339 2456 ml·

266 2516 365 2590 cato,
386 2501 499 2600 Majus
519 2501 787 2575 Monasterium
806 2501 919 2573 sancti
941 2500 1092 2573 Martini
1112 2494 1338 2576 Turonensis

265 2617 443 2718 expetiit,
460 2633 497 2692 et
514 2617 582 2691 sub
600 2617 752 2703 Alberto
770 2616 964 2693 venerabili
983 2617 1164 2694 abbate
1128 2620 1164 2719 (
1170 2622 1186 2718 )
1207 2646 1337 2697 mona-

265 2733 350 2810 chili
369 2735 503 2836 regulae
520 2752 656 2834 septem
672 2737 777 2809 annis
793 2736 975 2809 militarit.
996 2736 1149 2841 Qui
1244 2766 1283 2811 m
1298 2739 1334 2811 io

263 2852 392 2927 ordine
410 2851 645 2927 confirmatus
663 2852 753 2942 luit,
774 2850 902 2927 abbate
916 2879 984 2927 suo
1002 2855 1166 2953 permi
1255 2855 1336 2930 Uti-

264 2995 347 3042 cum
363 2971 483 3061 venit,
489 2985 674 3069 nepotem
691 2970 827 3044 scilicet
843 2969 999 3044 solatiari
1018 2997 1143 3058 suum,
1162 2973 1249 3072 quia
1262 2976 1333 3071 jam

262 3088 417 3162 novellae
431 3089 589 3188 'regimen
605 3087 761 3160 ecclesiae
776 3088 943 3187 suscepit.
960 3088 1010 3160 Et
1020 3090 1104 3188 quia
1118 3088 1334 3194 idem'benos

261 3229 333 3306 pro
351 3202 476 3276 multis
498 3203 661 3302 flagitiis,
680 3202 811 3304 quibus
834 3229 872 3277 se
890 3205 1047 3304 graviter
1063 3221 1239 3297 onustum
1254 3232 1334 3280 sea·

263 3321 393 3412 tiebat,
413 3348 432 3393 a
447 3322 610 3397 Domino
626 3317 797 3411 morbum
810 3321 921 3421 leprae
942 3323 1064 3396 multis
1081 3321 1253 3423 precibus
1266 3322 1332 3399 sibi

262 3439 490 3529 obtinuerat,
510 3438 701 3541 quamdam
724 3442 760 3514 in
789 3439 928 3514 honore
944 3443 1056 3517 sancti
1076 3438 1221 3514 Ebrulli
1239 3466 1333 3516 ooo·

261 3574 434 3633 structam
459 3557 628 3658 capellam
653 3561 711 3658 (a)
735 3586 754 3629 a
778 3576 911 3658 nepote
933 3584 1001 3631 suo
1024 3560 1183 3658 recepit,
1211 3557 1333 3661 ibique

262 3675 495 3751 Goscelinum
511 3675 728 3751 monachum
749 3676 792 3749 ad
815 3677 879 3752 Dei
896 3677 1082 3750 servitium
1096 3677 1224 3778 suique
1240 3677 1332 3752 sola·

293 4001 333 4072 (ι)
344 4000 437 4072 Voyez
449 3999 585 4055 ci·‹lessns
599 4017 667 4075 page
682 4016 723 4073 '²9-

268 4090 331 4177 Ι(ι)
355 4091 390 4144 la
413 4089 536 4164 chapelle
555 4076 761 4146 Sciat-Erronlt
783 4101 861 4145 entre
885 4087 1007 4160 l'sbbayo
1029 4089 1064 4144 de
1078 4075 1289 4145 Salat-Erroult
1302 4100 1328 4143 st

258 4177 425 4235 Echinon.
