2768 5094
158 379 196 439 40
429 382 613 442 HISTORIA
633 383 935 445 Eccttkslasl'lcs.
1115 393 1216 470 [toto]

157 515 193 572 ct
217 499 393 572 Ernaldus
415 519 451 573 et
474 501 689 574 Willermus
712 502 807 575 filius
832 504 1051 592 Wascelini3
1084 507 1216 580 Rodul·
1262 492 1264 603 l

155 615 213 688 fus
232 616 276 689 de
294 617 448 702 Tecmo,
469 615 641 690 Rodulsus
661 619 808 707 Taison,
827 621 1002 720 Rogerius
1018 621 1064 695 de
1082 625 1217 698 Monte
1261 660 1264 713 i

156 733 324 820 Gomeri‚
346 733 557 806 Willermus
574 732 724 808 Osberni
744 736 856 824 lilius,
881 735 1056 811 Ricardus
1073 738 1123 814 de
1144 741 1217 814 Bel·

154 850 232 937 sou,
251 851 424 924 Ricardus
439 850 483 925 de
497 852 624 924 Sancta
637 851 840 945 scolastica,
858 868 895 926 et
909 853 968 925 alii
988 857 1217 957 quamplures

155 969 389 1041 Normanniae
406 994 597 1069 procerum
604 998 614 1056 ς
631 971 693 1069 qui
711 971 749 1042 in
766 970 859 1042 saltu
874 972 1003 1044 Le0nis
1020 973 1066 1045 ad
1084 976 1219 1048 curiam

61 1180 63 1184 μ
154 1084 254 1157 ducis
271 1111 377 1183 super
397 1085 531 1158 {lumen
550 1086 666 1159 Loiris
684 1103 767 1158 ante
784 1085 965 1159 ecclesiam
987 1088 1116 1161 Sancti
1135 1091 1220 1164 Dio-

154 1203 249 1301 nysii
269 1202 324 1299 (r)
346 1202 521 1302 aggregati
546 1217 648 1288 sunt,
673 1216 709 1274 et
728 1200 904 1274 Uticensis
927 1203 1088 1277 ecclesiae
1113 1222 1219 1279 testa-

154 1334 319 1392 mentum
339 1345 436 1391 anno
456 1316 648 1392 dominicae
667 1318 921 1391 incarnationis
938 1332 1002 1391 nr.⁰
1018 1321 1152 1394 indict.
1172 1334 1217 1394 tr·

155 1435 471 1510 confirmaverunt.

205 1551 343 1628 Eodem
355 1580 452 1627 anno
466 1552 670 1626 Radbertus
681 1553 725 1626 de
741 1551 1059 1628 Greutemaisnilio
1076 1557 1219 1631 saecula·

155 1695 232 1742 rem
249 1669 413 1742 habit-um
431 1668 604 1754 mutavit,
624 1683 661 1740 et
676 1666 743 1739 sub
763 1669 937 1768 regimine
954 1670 1148 1744 Teoderici
1163 1669 1219 1743 alr

155 1787 247 1859 batis
262 1787 355 1887 apud
367 1786 514 1859 Uticum
527 1783 730 1857 monachile
746 1811 859 1858 scema
877 1782 1001 1858 subiit.
1021 1788 1092 1861 llic
1112 1789 1219 1862 nimi·

155 1931 239 1975 rum
261 1904 323 2000 (ut
344 1928 448 2003 supra
476 1901 679 2000 tetigimus)
704 1899 877 1974 tsedberti
903 1901 948 1975 de
971 1903 1219 1978 Grentemais-

155 2022 246 2095 nilio
259 2020 495 2095 strenuissimi
509 2017 655 2091 baronis
670 2018 764 2090 lilius
775 2017 859 2106 fuit,
874 2045 916 2092 ex
932 2018 1084 2094 Hadvisa
1098 2022 1217 2098 Geroii

155 2141 227 2213 filia
255 2153 474 2239 procreatus.
500 2140 542 2209 ln
572 2135 720 2209 infantia
749 2136 884 2207 litteras
909 2136 1044 2208 affatim
1073 2138 1217 2221 didicit,

153 2284 307 2357 quarum
320 2259 415 2328 inter
426 2253 560 2327 sodales
573 2254 688 2326 tenaci
704 2251 876 2326 memoria
891 2253 1082 2353 insigniter
1092 2257 1215 2356 viguit.

156 2371 224 2444 Sed
240 2386 433 2469 postquam
453 2395 566 2442 annos
583 2366 831 2441 adolescentiae
846 2368 986 2469 attigit,
1009 2372 1142 2470 spretis
1159 2373 1219 2444 lit-

155 2503 314 2560 terarum
331 2486 414 2558 otiis
429 2483 473 2557 ad
488 2509 673 2556 armorum
688 2483 850 2558 lahorem
869 2488 1048 2576 cucurrit,
1068 2506 1106 2562 et
1122 2489 1219 2562 Wil-

155 2600 258 2676 lermi
276 2600 377 2673 ducis
393 2601 547 2700 armiger
564 2626 587 2671 v
603 2603 707 2674 annis
724 2602 855 2674 extitit.
875 2601 1010 2675 Deinde
1029 2601 1076 2673 ab
1094 2603 1217 2679 eodem

156 2718 246 2791 duce
266 2717 434 2790 decenter
459 2732 512 2789 est
530 2719 637 2789 armis
655 2706 868 2806 adornatus,
891 2736 927 2794 et
948 2719 1050 2792 miles
1073 2722 1218 2795 effectus

154 2832 321 2934 pluribus
334 2834 467 2906 exeniis
484 2833 658 2907 nobiliter
672 2833 883 2908 honoratus.
902 2834 1147 2911 Consideratis
1158 2862 1219 2909 au·

156 2969 231 3026 tem
247 2950 455 3023 mortalium
479 2949 615 3023 casibus
635 2951 742 3051 elegit
758 2953 867 3052 magis
891 2953 928 3023 in
945 2951 1055 3025 domo
1072 2953 1218 3029 Domini

157 3068 315 3168 abjectus
328 3094 490 3155 manere,
507 3094 617 3166 quam
634 3069 670 3139 in
685 3067 922 3141 tabernaculis
934 3085 1166 3168 peccatorum
1177 3068 1219 3143 ad

160 3203 300 3285 tempus
319 3199 359 3255 ut
376 3183 518 3256 foenum
538 3182 681 3257 llorere.
699 3172 790 3256 Nam
807 3212 900 3285 saepe
915 3183 1098 3259 recolebat
1114 3212 1220 3261 saecu·

160 3302 243 3375 laris
259 3300 398 3375 militiae
415 3298 591 3400 pericula,
614 3325 695 3400 quae
710 3316 812 3398 pater
832 3327 935 3388 suus,
960 3301 1092 3402 aliique
1112 3304 1220 3376 iunu-

160 3417 347 3493 merahiles
362 3417 498 3517 experti
516 3433 618 3506 sunt,
637 3418 719 3518 qui,
735 3417 822 3490 dum
835 3418 952 3492 hostes
963 3417 1112 3491 fortiter
1125 3419 1219 3492 inva-

159 3554 304 3624 serunt,
337 3535 534 3609 incidentes
564 3535 600 3606 iu
627 3535 793 3634 laqueum
817 3561 924 3633 quern
948 3534 1025 3606 aliis
1046 3534 1219 3633 parabant

159 3651 421 3725 occubuerunt.
436 3649 641 3725 Rodbertus
655 3653 751 3724 enim
764 3669 868 3750 pater
879 3655 953 3749 ejus
969 3676 1052 3723 cum
1066 3653 1218 3753 Rogerio

161 3765 205 3839 de
219 3766 358 3837 Toenio
376 3781 500 3836 contra
518 3765 711 3865 Rogerium
726 3765 770 3838 de
784 3766 1006 3839 Bellomoute
1019 3765 1219 3852 dimicarit3

163 3885 199 3957 in
224 3909 297 3983 quo
324 3881 497 3954 conflictu
514 3883 688 3982 Rogerius
712 3911 794 3956 cum
813 3883 894 3955 liliis
919 3883 991 3956 suis
1015 3881 1169 3957 Elbcrto
1188 3900 1218 3958 et

197 4148 235 4216 (r)
250 4147 348 4210 Lions,
364 4145 495 4199 autrefois
504 4144 825 4201 Salat-[kuisenlions
839 4161 887 4197 sur
899 4142 923 4196 la
940 4143 1039 4197 risicrr
1049 4142 1086 4197 de
1100 4144 1220 4199 licum.
