2768 5094
280 385 321 442 50
557 371 741 433 HISTORIA
762 368 1067 431 tcctffitttrlcs.
1139 373 1341 453 [toto-tout]

279 500 363 572 libri
386 510 510 570 contra
534 492 684 590 singula
702 507 860 592 peccata
881 487 1153 589 computabant.
1178 493 1253 564 Ad
1267 520 1342 596 pos·

280 635 428 689 tremum
456 638 532 683 una
556 609 636 681 sola
661 609 779 679 littera
806 633 993 679 numerum
1017 625 1265 707 peccatorum
1286 640 1343 685 ee·

279 735 406 814 cessit,
432 743 556 799 contra
580 751 689 824 quam
711 723 919 796 damonum
942 740 1095 796 conatus
1120 725 1272 801 nullum
1286 729 1342 803 ob-

273 849 387 947 jicere
405 857 596 945 peccatum
614 838 821 940 proeualuit.
844 838 1045 911 Clementia
1065 840 1198 939 itaque
1212 845 1343 944 judeos

273 962 389 1060 fratri
405 965 585 1060 pepercit,
612 959 843 1054 animamque
862 953 917 1025 ad
930 958 1122 1055 proprium
1142 982 1285 1062 corpus
1300 990 1344 1035 rs-

280 1081 368 1154 uerti
391 1077 585 1179 pracepit,
612 1075 843 1176 spatiumque
867 1071 1075 1171 corrigendi
1094 1076 1223 1150 uitam
1249 1107 1344 1154 suan

281 1197 483 1295 benigniter
505 1192 693 1264 concessit.
722 1189 824 1278 Hoc,
855 1188 1066 1262 charissimi
1079 1190 1253 1288 fratres,
1266 1195 1345 1297 fio·

280 1327 428 1411 quenter
444 1308 618 1407 cogitate,
640 1323 674 1377 et
694 1303 742 1377 ab
760 1303 931 1376 inanibus
948 1307 1141 1404 noxiisque
1157 1309 1345 1387 desideriis

280 1427 525 1501 cordavestra
538 1420 743 1510 emundate,
763 1447 1009 1519 manuumque
1020 1439 1232 1501 vestramm
1242 1457 1344 1533 opero

280 1544 440 1615 Domino
462 1538 542 1610 Deo
567 1537 710 1638 jugiter
731 1535 950 1635 sacn‘ficute.
977 1537 1065 1610 Otia
1095 1539 1198 1614 uelut
1222 1544 1346 1619 lethale

279 1661 381 1732 uirus
400 1658 483 1728 totis
503 1653 639 1725 nisibus
658 1652 832 1741 devitate,
852 1656 939 1751 quia
961 1655 1056 1726 sicut
1071 1676 1229 1735 sanctus
1246 1682 1348 1766 pata

282 1791 404 1848 noster
414 1770 633 1845 Benedictus
649 1768 742 1840 dicit
760 1796 770 1839 ε
791 1767 958 1841 Otiositas
970 1770 1116 1844 inimica
1134 1791 1191 1848 cst
1205 1782 1343 1855 animo.

282 1892 388 1965 Illud
402 1891 510 1963 etiam
535 1911 634 1987 sape
650 1885 839 1959 uobiscum
861 1886 1045 1978 revolvite,
1064 1892 1170 1988 quod
1198 1897 1242 1968 in
1268 1902 1344 1972 υἱώ

283 2012 438 2083 Patrum
467 2006 653 2078 dicituro
679 2002 838 2100 quodam
862 2003 1019 2104 probato
1045 2006 1194 2084 doctore
1221 2042 1233 2085 .·
1266 2019 1344 2116 quia

284 2156 378 2202 unus
396 2120 625 2200 solummodo
641 2120 788 2194 damon
804 2121 974 2192 tentando
990 2141 1105 2196 venat
1124 2125 1343 2207 laborantem

283 2248 323 2316 in
342 2243 445 2315 bonis
462 2237 678 2311 monachum
685 2269 701 2322 ,·
715 2235 814 2308 mille
831 2261 918 2308 uero
930 2237 1115 2314 daemones
1133 2247 1345 2349 impugnat

284 2361 462 2441 otiosum,
486 2351 753 2449 innumerisque
777 2352 1013 2425 tentationum
1031 2358 1174 2457 jaculis
1195 2365 1345 2468 unrltqu

284 2471 507 2548 stimulatum
521 2483 655 2563 cogunt
660 2465 839 2560 fastidire
858 2472 1112 2547 monasteriale
1131 2476 1342 2571 clatum,

284 2607 319 2663 et
340 2601 510 2690 appetere
535 2582 715 2654 damnosa
742 2582 869 2654 soeculi
891 2587 1104 2686 spectaculo
1111 2647 1126 2681 ,
1152 2611 1190 2666 et
1209 2602 1344 2673 mia.

285 2733 364 2781 rum
386 2701 647 2804 experientiam
672 2699 914 2800 uoluptatum.
940 2703 993 2774 Et
1017 2710 1105 2804 quia
1127 2707 1249 2812 largis
1271 2743 1344 2789 sus·

288 2840 424 2896 tentare
439 2843 622 2920 pauperes
645 2816 877 2916 elecmosynis
898 2846 970 2890 non
990 2828 1155 2921 potestis,
1181 2837 1344 2931 quomam

288 2957 445 3010 terrenas
461 2959 549 3034 opes
565 2957 638 3004 non
653 2931 805 3018 bebetis,
821 2959 889 3005 nec
901 2934 1065 3033 ingentia
1079 2944 1241 3045 templa,
1251 2951 1347 3025 ss'cuu'

288 3078 389 3151 reges
401 3049 539 3147 aliique
548 3063 711 3148 potentes
723 3049 1024 3144 soeculisacrunt,
1038 3056 1345 3163 erigerepoteso's5

290 3170 354 3270 qui
366 3162 593 3265 regularibus
607 3163 776 3235 claustris
789 3167 898 3262 septi,
913 3174 1080 3270 omnique
1084 3192 1272 3275 potestate
1276 3208 1346 3287 pst

290 3278 614 3367 uatiestis;saltim,
627 3277 825 3350 secuudum
836 3280 1347 3387 b'alomonisbortatum‚mi
1380 3361 1382 3373 Α

291 3398 460 3473 custodia
484 3395 597 3468 corda
620 3412 738 3467 uestra
758 3415 913 3488 seruate,
935 3401 1088 3501 Deoque
1102 3406 1263 3507 placem
1279 3417 1347 3487 tntis
1379 3386 1384 3469 Ι

291 3515 429 3589 nisibus
439 3512 681 3584 indesinenter
688 3512 904 3585 contendite.
921 3514 1042 3607 Orate,
1060 3518 1181 3619 legite,
1189 3530 1345 3629 psallite,
1379 3508 1384 3584 Ι

292 3631 456 3717 scribite,
476 3628 632 3726 aliisque
648 3625 862 3726 hujusmodi
877 3632 1017 3707 actibus
1036 3637 1213 3736 insistite,
1235 3651 1347 3749 eisque
1379 3624 1384 3719 Ι

292 3765 419 3821 eontra
435 3745 640 3816 durnonum
657 3760 877 3821 tentamenta
891 3776 955 3823 uos
971 3757 1157 3855 supienter
1169 3783 1325 3838 mate.
1378 3735 1384 3826 Ι

344 3861 492 3936 Talibus
517 3862 665 3934 monitis
692 3877 795 3961 pater
820 3865 1034 3944 'leodericus
1057 3870 1254 3976 discipulos
1277 3906 1348 3957 m
1379 3870 1384 3947 Ι

295 3977 514 4067 instruebat,
531 3993 567 4052 et
580 3977 780 4080 arguendo,
799 3979 1038 4078 obsecmndo,
1056 3990 1349 4096 increpandwb
1379 3988 1384 4071 Ι

292 4101 431 4176 bonum
451 4123 540 4196 opus
560 4095 748 4197 vigilanter
766 4099 953 4194 incitabat,
977 4105 1018 4178 ad
1048 4112 1145 4208 quod
1166 4113 1246 4214 ipse
1260 4118 1349 4219 puin
1378 4117 1384 4195 Ι
