<?xml version="1.0" encoding="UTF-8"?>
<!DOCTYPE html PUBLIC "-//W3C//DTD XHTML 1.0 Transitional//EN"
    "http://www.w3.org/TR/xhtml1/DTD/xhtml1-transitional.dtd">
<html xmlns="http://www.w3.org/1999/xhtml" xml:lang="en" lang="en">
 <head>
  <title>
</title>
<meta http-equiv="Content-Type" content="text/html;charset=utf-8" />
  <meta name='ocr-system' content='tesseract 3.04.00' />
  <meta name='ocr-capabilities' content='ocr_page ocr_carea ocr_par ocr_line ocrx_word'/>
</head>
<body>
  <div class='ocr_page' id='page_1' title='image "./ordericivitalis06deligoog/ordericivitalis06deligoog_0231.png"; bbox 0 0 2768 5094; ppageno 0'>
   <div class='ocr_carea' id='block_1_1' title="bbox 264 420 1334 498">
    <p class='ocr_par' dir='ltr' id='par_1_1' title="bbox 264 420 1334 498">
     <span class='ocr_line' id='line_1_1' title="bbox 264 420 1334 498; baseline -0.002 -16"><span class='ocrx_word' id='word_1_1' title='bbox 264 423 324 482; x_wconf 73' lang='lat'>218</span> <span class='ocrx_word' id='word_1_2' title='bbox 541 420 727 483; x_wconf 74' lang='lat' dir='ltr'><strong>HISTORIA</strong></span> <span class='ocrx_word' id='word_1_3' title='bbox 748 420 1054 482; x_wconf 68' lang='lat' dir='ltr'>Etctnsltsttcs.</span> <span class='ocrx_word' id='word_1_4' title='bbox 1239 420 1334 498; x_wconf 72' lang='lat' dir='ltr'>[will</span> 
     </span>
    </p>
   </div>
   <div class='ocr_carea' id='block_1_2' title="bbox 263 537 1341 2509">
    <p class='ocr_par' dir='ltr' id='par_1_2' title="bbox 263 537 1341 2509">
     <span class='ocr_line' id='line_1_2' title="bbox 263 537 1334 639; baseline -0.001 -26"><span class='ocrx_word' id='word_1_5' title='bbox 263 537 403 625; x_wconf 85' lang='lat' dir='ltr'>extitit,</span> <span class='ocrx_word' id='word_1_6' title='bbox 431 553 468 610; x_wconf 92' lang='lat' dir='ltr'>et</span> <span class='ocrx_word' id='word_1_7' title='bbox 487 539 705 613; x_wconf 86' lang='lat' dir='ltr'>militaribus</span> <span class='ocrx_word' id='word_1_8' title='bbox 722 540 831 614; x_wconf 82' lang='lat' dir='ltr'>armis</span> <span class='ocrx_word' id='word_1_9' title='bbox 850 555 1035 639; x_wconf 85' lang='lat' dir='ltr'>protectus</span> <span class='ocrx_word' id='word_1_10' title='bbox 1059 554 1219 613; x_wconf 88' lang='lat' dir='ltr'>terreno</span> <span class='ocrx_word' id='word_1_11' title='bbox 1242 541 1334 638; x_wconf 79' lang='lat' dir='ltr'>pn&#39;u·</span> 
     </span>
     <span class='ocr_line' id='line_1_3' title="bbox 264 653 1335 753; baseline 0.002 -28"><span class='ocrx_word' id='word_1_12' title='bbox 264 655 335 753; x_wconf 91' lang='lat' dir='ltr'>cipi</span> <span class='ocrx_word' id='word_1_13' title='bbox 353 654 541 744; x_wconf 82' lang='lat' dir='ltr'>militavit,</span> <span class='ocrx_word' id='word_1_14' title='bbox 562 671 599 730; x_wconf 92' lang='lat' dir='ltr'>et</span> <span class='ocrx_word' id='word_1_15' title='bbox 616 672 717 732; x_wconf 86' lang='lat' dir='ltr'>tanto</span> <span class='ocrx_word' id='word_1_16' title='bbox 731 657 864 732; x_wconf 88' lang='lat' dir='ltr'>certius</span> <span class='ocrx_word' id='word_1_17' title='bbox 883 655 1020 739; x_wconf 81' lang='lat' dir='ltr'>referre</span> <span class='ocrx_word' id='word_1_18' title='bbox 1039 656 1114 729; x_wconf 78' lang='lat' dir='ltr'>visa</span> <span class='ocrx_word' id='word_1_19' title='bbox 1130 653 1335 729; x_wconf 70' lang='lat' dir='ltr'>discrimina</span> 
     </span>
     <span class='ocr_line' id='line_1_4' title="bbox 263 770 1336 873; baseline 0.002 -32"><span class='ocrx_word' id='word_1_20' title='bbox 263 772 407 870; x_wconf 92' lang='lat' dir='ltr'>potuit,</span> <span class='ocrx_word' id='word_1_21' title='bbox 427 789 566 873; x_wconf 81' lang='lat' dir='ltr'>quanto</span> <span class='ocrx_word' id='word_1_22' title='bbox 586 774 821 873; x_wconf 79' lang='lat' dir='ltr'>periculosius</span> <span class='ocrx_word' id='word_1_23' title='bbox 842 774 938 847; x_wconf 89' lang='lat' dir='ltr'>iuter</span> <span class='ocrx_word' id='word_1_24' title='bbox 957 799 1055 845; x_wconf 78' lang='lat' dir='ltr'>arma</span> <span class='ocrx_word' id='word_1_25' title='bbox 1071 771 1167 845; x_wconf 86' lang='lat' dir='ltr'>diris</span> <span class='ocrx_word' id='word_1_26' title='bbox 1190 770 1336 847; x_wconf 79' lang='lat' dir='ltr'>cortilio·</span> 
     </span>
     <span class='ocr_line' id='line_1_5' title="bbox 265 886 1336 964; baseline 0.002 -5"><span class='ocrx_word' id='word_1_27' title='bbox 265 886 361 959; x_wconf 87' lang='lat' dir='ltr'>tibus</span> <span class='ocrx_word' id='word_1_28' title='bbox 384 888 563 962; x_wconf 79' lang='lat' dir='ltr'>interfuit.</span> <span class='ocrx_word' id='word_1_29' title='bbox 588 893 631 964; x_wconf 90' lang='lat' dir='ltr'>lu</span> <span class='ocrx_word' id='word_1_30' title='bbox 655 905 839 964; x_wconf 82' lang='lat' dir='ltr'>senectute</span> <span class='ocrx_word' id='word_1_31' title='bbox 856 917 918 963; x_wconf 85' lang='lat' dir='ltr'>sua</span> <span class='ocrx_word' id='word_1_32' title='bbox 940 890 1185 963; x_wconf 74' lang='lat' dir='ltr'>taciturnitati</span> <span class='ocrx_word' id='word_1_33' title='bbox 1208 905 1246 963; x_wconf 89' lang='lat' dir='ltr'>et</span> <span class='ocrx_word' id='word_1_34' title='bbox 1266 915 1336 963; x_wconf 63' lang='lat' dir='ltr'>orn</span> 
     </span>
     <span class='ocr_line' id='line_1_6' title="bbox 265 1004 1337 1107; baseline 0.005 -31"><span class='ocrx_word' id='word_1_35' title='bbox 265 1005 358 1078; x_wconf 91' lang='lat' dir='ltr'>tioni</span> <span class='ocrx_word' id='word_1_36' title='bbox 387 1005 547 1098; x_wconf 83' lang='lat' dir='ltr'>studuit,</span> <span class='ocrx_word' id='word_1_37' title='bbox 576 1024 614 1082; x_wconf 96' lang='lat' dir='ltr'>et</span> <span class='ocrx_word' id='word_1_38' title='bbox 641 1008 721 1107; x_wconf 87' lang='lat' dir='ltr'>plus</span> <span class='ocrx_word' id='word_1_39' title='bbox 751 1009 790 1081; x_wconf 90' lang='lat' dir='ltr'>in</span> <span class='ocrx_word' id='word_1_40' title='bbox 815 1005 987 1081; x_wconf 88' lang='lat' dir='ltr'>dictando</span> <span class='ocrx_word' id='word_1_41' title='bbox 1008 1032 1070 1080; x_wconf 86' lang='lat' dir='ltr'>seu</span> <span class='ocrx_word' id='word_1_42' title='bbox 1101 1004 1337 1081; x_wconf 76' lang='lat' dir='ltr'>versificnub</span> 
     </span>
     <span class='ocr_line' id='line_1_7' title="bbox 264 1122 1338 1222; baseline 0.003 -28"><span class='ocrx_word' id='word_1_43' title='bbox 264 1147 374 1222; x_wconf 82' lang='lat' dir='ltr'>quam</span> <span class='ocrx_word' id='word_1_44' title='bbox 387 1126 663 1200; x_wconf 84' lang='lat' dir='ltr'>sermocinando</span> <span class='ocrx_word' id='word_1_45' title='bbox 676 1127 798 1198; x_wconf 82' lang='lat' dir='ltr'>valuit.</span> <span class='ocrx_word' id='word_1_46' title='bbox 812 1122 970 1199; x_wconf 87' lang='lat' dir='ltr'>Subtiles</span> <span class='ocrx_word' id='word_1_47' title='bbox 986 1138 1023 1198; x_wconf 92' lang='lat' dir='ltr'>et</span> <span class='ocrx_word' id='word_1_48' title='bbox 1038 1125 1251 1210; x_wconf 82' lang='lat' dir='ltr'>concinnos</span> <span class='ocrx_word' id='word_1_49' title='bbox 1265 1150 1338 1197; x_wconf 81' lang='lat' dir='ltr'>ver·</span> 
     </span>
     <span class='ocr_line' id='line_1_8' title="bbox 266 1238 1336 1342; baseline 0 -30"><span class='ocrx_word' id='word_1_50' title='bbox 266 1265 324 1313; x_wconf 88' lang='lat' dir='ltr'>sus</span> <span class='ocrx_word' id='word_1_51' title='bbox 351 1255 458 1341; x_wconf 85' lang='lat' dir='ltr'>atque</span> <span class='ocrx_word' id='word_1_52' title='bbox 484 1242 528 1314; x_wconf 82' lang='lat' dir='ltr'>ad</span> <span class='ocrx_word' id='word_1_53' title='bbox 554 1244 779 1316; x_wconf 84' lang='lat' dir='ltr'>recitandum</span> <span class='ocrx_word' id='word_1_54' title='bbox 806 1241 941 1316; x_wconf 86' lang='lat' dir='ltr'>habiles</span> <span class='ocrx_word' id='word_1_55' title='bbox 964 1240 1182 1342; x_wconf 83' lang='lat' dir='ltr'>frequenter</span> <span class='ocrx_word' id='word_1_56' title='bbox 1211 1238 1336 1327; x_wconf 81' lang='lat' dir='ltr'>edidit,</span> 
     </span>
     <span class='ocr_line' id='line_1_9' title="bbox 265 1356 1339 1461; baseline 0.002 -32"><span class='ocrx_word' id='word_1_57' title='bbox 265 1356 458 1459; x_wconf 88' lang='lat' dir='ltr'>studioque</span> <span class='ocrx_word' id='word_1_58' title='bbox 472 1362 680 1459; x_wconf 87' lang='lat' dir='ltr'>juniorum,</span> <span class='ocrx_word' id='word_1_59' title='bbox 705 1360 838 1461; x_wconf 91' lang='lat' dir='ltr'>quibus</span> <span class='ocrx_word' id='word_1_60' title='bbox 861 1361 926 1460; x_wconf 89' lang='lat' dir='ltr'>ipsi</span> <span class='ocrx_word' id='word_1_61' title='bbox 949 1358 1254 1448; x_wconf 78' lang='lat' dir='ltr'>emendarentur,</span> <span class='ocrx_word' id='word_1_62' title='bbox 1271 1359 1339 1432; x_wconf 80' lang='lat' dir='ltr'>siue</span> 
     </span>
     <span class='ocr_line' id='line_1_10' title="bbox 267 1472 1339 1577; baseline 0.002 -32"><span class='ocrx_word' id='word_1_63' title='bbox 267 1472 399 1547; x_wconf 85' lang='lat' dir='ltr'>invidia</span> <span class='ocrx_word' id='word_1_64' title='bbox 421 1479 595 1576; x_wconf 84' lang='lat' dir='ltr'>erogavit.</span> <span class='ocrx_word' id='word_1_65' title='bbox 617 1478 900 1551; x_wconf 74' lang='lat' dir='ltr'>contextionem</span> <span class='ocrx_word' id='word_1_66' title='bbox 921 1479 996 1577; x_wconf 85' lang='lat' dir='ltr'>ejus</span> <span class='ocrx_word' id='word_1_67' title='bbox 1018 1475 1063 1549; x_wconf 87' lang='lat' dir='ltr'>de</span> <span class='ocrx_word' id='word_1_68' title='bbox 1081 1475 1290 1550; x_wconf 88' lang='lat' dir='ltr'>Guillelmo</span> <span class='ocrx_word' id='word_1_69' title='bbox 1308 1490 1339 1547; x_wconf 83' lang='lat' dir='ltr'>et</span> 
     </span>
     <span class='ocr_line' id='line_1_11' title="bbox 265 1589 1337 1695; baseline 0.002 -32"><span class='ocrx_word' id='word_1_70' title='bbox 265 1592 340 1687; x_wconf 86' lang='lat' dir='ltr'>ejus</span> <span class='ocrx_word' id='word_1_71' title='bbox 364 1589 563 1695; x_wconf 83' lang='lat' dir='ltr'>pedisequis</span> <span class='ocrx_word' id='word_1_72' title='bbox 583 1593 744 1668; x_wconf 86' lang='lat' dir='ltr'>breviter</span> <span class='ocrx_word' id='word_1_73' title='bbox 765 1595 803 1666; x_wconf 90' lang='lat' dir='ltr'>iu</span> <span class='ocrx_word' id='word_1_74' title='bbox 826 1591 1041 1694; x_wconf 79' lang='lat' dir='ltr'>quibusdum</span> <span class='ocrx_word' id='word_1_75' title='bbox 1067 1610 1219 1666; x_wconf 85' lang='lat' dir='ltr'>secutus</span> <span class='ocrx_word' id='word_1_76' title='bbox 1246 1618 1337 1678; x_wconf 71' lang='lat' dir='ltr'>sum,</span> 
     </span>
     <span class='ocr_line' id='line_1_12' title="bbox 265 1707 1339 1811; baseline 0.002 -31"><span class='ocrx_word' id='word_1_77' title='bbox 265 1732 343 1781; x_wconf 92' lang='lat' dir='ltr'>uon</span> <span class='ocrx_word' id='word_1_78' title='bbox 359 1725 477 1784; x_wconf 83' lang='lat' dir='ltr'>tamen</span> <span class='ocrx_word' id='word_1_79' title='bbox 494 1712 616 1785; x_wconf 86' lang='lat' dir='ltr'>omniu</span> <span class='ocrx_word' id='word_1_80' title='bbox 628 1737 711 1811; x_wconf 84' lang='lat' dir='ltr'>quae</span> <span class='ocrx_word' id='word_1_81' title='bbox 723 1711 837 1798; x_wconf 89' lang='lat' dir='ltr'>dixit,</span> <span class='ocrx_word' id='word_1_82' title='bbox 857 1735 924 1784; x_wconf 80' lang='lat' dir='ltr'>trec</span> <span class='ocrx_word' id='word_1_83' title='bbox 939 1725 1011 1782; x_wconf 79' lang='lat' dir='ltr'>tam</span> <span class='ocrx_word' id='word_1_84' title='bbox 1025 1724 1153 1809; x_wconf 81' lang='lat' dir='ltr'>argute</span> <span class='ocrx_word' id='word_1_85' title='bbox 1170 1707 1339 1809; x_wconf 76' lang='lat' dir='ltr'>prosequi</span> 
     </span>
     <span class='ocr_line' id='line_1_13' title="bbox 266 1827 1338 1928; baseline 0.001 -33"><span class='ocrx_word' id='word_1_86' title='bbox 266 1843 417 1898; x_wconf 80' lang='lat' dir='ltr'>conatus</span> <span class='ocrx_word' id='word_1_87' title='bbox 433 1854 526 1900; x_wconf 90' lang='lat' dir='ltr'>sum.</span> <span class='ocrx_word' id='word_1_88' title='bbox 551 1828 693 1902; x_wconf 78' lang='lat' dir='ltr'>Amodo</span> <span class='ocrx_word' id='word_1_89' title='bbox 713 1832 862 1927; x_wconf 87' lang='lat' dir='ltr'>juvante</span> <span class='ocrx_word' id='word_1_90' title='bbox 879 1828 958 1900; x_wconf 93' lang='lat' dir='ltr'>Deo</span> <span class='ocrx_word' id='word_1_91' title='bbox 977 1854 1015 1901; x_wconf 86' lang='lat' dir='ltr'>ea</span> <span class='ocrx_word' id='word_1_92' title='bbox 1032 1853 1115 1928; x_wconf 81' lang='lat' dir='ltr'>quae</span> <span class='ocrx_word' id='word_1_93' title='bbox 1135 1827 1338 1902; x_wconf 85' lang='lat' dir='ltr'>succedenti</span> 
     </span>
     <span class='ocr_line' id='line_1_14' title="bbox 266 1943 1339 2042; baseline 0 -27"><span class='ocrx_word' id='word_1_94' title='bbox 266 1954 430 2042; x_wconf 86' lang='lat' dir='ltr'>tempore</span> <span class='ocrx_word' id='word_1_95' title='bbox 444 1947 578 2018; x_wconf 88' lang='lat' dir='ltr'>nostris</span> <span class='ocrx_word' id='word_1_96' title='bbox 593 1947 630 2018; x_wconf 91' lang='lat' dir='ltr'>in</span> <span class='ocrx_word' id='word_1_97' title='bbox 645 1946 785 2018; x_wconf 89' lang='lat' dir='ltr'>viciniis</span> <span class='ocrx_word' id='word_1_98' title='bbox 800 1959 999 2019; x_wconf 88' lang='lat' dir='ltr'>evenerunt</span> <span class='ocrx_word' id='word_1_99' title='bbox 1014 1943 1178 2030; x_wconf 75' lang='lat' dir='ltr'>notab03</span> <span class='ocrx_word' id='word_1_100' title='bbox 1201 1943 1339 2018; x_wconf 85' lang='lat' dir='ltr'>indubi-</span> 
     </span>
     <span class='ocr_line' id='line_1_15' title="bbox 268 2057 1339 2162; baseline -0.001 -31"><span class='ocrx_word' id='word_1_101' title='bbox 268 2071 386 2132; x_wconf 86' lang='lat' dir='ltr'>tunter</span> <span class='ocrx_word' id='word_1_102' title='bbox 404 2075 502 2133; x_wconf 89' lang='lat' dir='ltr'>ratus</span> <span class='ocrx_word' id='word_1_103' title='bbox 518 2062 618 2162; x_wconf 88' lang='lat' dir='ltr'>quod</span> <span class='ocrx_word' id='word_1_104' title='bbox 627 2115 639 2150; x_wconf 96' lang='lat'>,</span> <span class='ocrx_word' id='word_1_105' title='bbox 658 2062 750 2134; x_wconf 89' lang='lat' dir='ltr'>sicut</span> <span class='ocrx_word' id='word_1_106' title='bbox 762 2086 835 2160; x_wconf 82' lang='lat' dir='ltr'>ego</span> <span class='ocrx_word' id='word_1_107' title='bbox 853 2087 891 2134; x_wconf 82' lang='lat' dir='ltr'>ea</span> <span class='ocrx_word' id='word_1_108' title='bbox 909 2086 1025 2160; x_wconf 76' lang='lat' dir='ltr'>quaea</span> <span class='ocrx_word' id='word_1_109' title='bbox 1043 2058 1237 2159; x_wconf 82' lang='lat' dir='ltr'>prioribus</span> <span class='ocrx_word' id='word_1_110' title='bbox 1254 2057 1339 2133; x_wconf 75' lang='lat' dir='ltr'>editu</span> 
     </span>
     <span class='ocr_line' id='line_1_16' title="bbox 265 2177 1341 2278; baseline 0.004 -31"><span class='ocrx_word' id='word_1_111' title='bbox 265 2193 352 2250; x_wconf 86' lang='lat' dir='ltr'>sunt</span> <span class='ocrx_word' id='word_1_112' title='bbox 370 2177 525 2252; x_wconf 84' lang='lat' dir='ltr'>libenter</span> <span class='ocrx_word' id='word_1_113' title='bbox 546 2180 713 2265; x_wconf 83' lang='lat' dir='ltr'>revolvo,</span> <span class='ocrx_word' id='word_1_114' title='bbox 736 2181 786 2252; x_wconf 90' lang='lat' dir='ltr'>sic</span> <span class='ocrx_word' id='word_1_115' title='bbox 802 2180 987 2278; x_wconf 86' lang='lat' dir='ltr'>juniores,</span> <span class='ocrx_word' id='word_1_116' title='bbox 1009 2202 1143 2278; x_wconf 86' lang='lat' dir='ltr'>eosque</span> <span class='ocrx_word' id='word_1_117' title='bbox 1162 2178 1230 2278; x_wconf 84' lang='lat' dir='ltr'>qui</span> <span class='ocrx_word' id='word_1_118' title='bbox 1251 2202 1341 2251; x_wconf 86' lang='grc' dir='ltr'><strong>ιιοιι·</strong></span> 
     </span>
     <span class='ocr_line' id='line_1_17' title="bbox 266 2289 1341 2394; baseline 0.003 -30"><span class='ocrx_word' id='word_1_119' title='bbox 266 2289 355 2365; x_wconf 89' lang='lat' dir='ltr'>dum</span> <span class='ocrx_word' id='word_1_120' title='bbox 377 2295 454 2367; x_wconf 82' lang='lat' dir='ltr'>nati</span> <span class='ocrx_word' id='word_1_121' title='bbox 476 2309 582 2382; x_wconf 85' lang='lat' dir='ltr'>sunt,</span> <span class='ocrx_word' id='word_1_122' title='bbox 607 2295 795 2394; x_wconf 70' lang='lat' dir='ltr'>praesentis</span> <span class='ocrx_word' id='word_1_123' title='bbox 821 2292 995 2394; x_wconf 86' lang='lat' dir='ltr'>temporis</span> <span class='ocrx_word' id='word_1_124' title='bbox 1018 2308 1171 2367; x_wconf 87' lang='lat' dir='ltr'>eventus</span> <span class='ocrx_word' id='word_1_125' title='bbox 1190 2292 1341 2367; x_wconf 76' lang='lat' dir='ltr'>solertes</span> 
     </span>
     <span class='ocr_line' id='line_1_18' title="bbox 268 2409 680 2509; baseline 0.005 -29"><span class='ocrx_word' id='word_1_126' title='bbox 268 2409 505 2509; x_wconf 87' lang='lat' dir='ltr'>inquisituros</span> <span class='ocrx_word' id='word_1_127' title='bbox 524 2413 680 2485; x_wconf 85' lang='lat' dir='ltr'>aestimo.</span> 
     </span>
    </p>
   </div>
   <div class='ocr_carea' id='block_1_3' title="bbox 319 2513 1341 2626">
    <p class='ocr_par' dir='ltr' id='par_1_3' title="bbox 319 2513 1341 2626">
     <span class='ocr_line' id='line_1_19' title="bbox 319 2513 1341 2626; baseline 0.002 -29"><span class='ocrx_word' id='word_1_128' title='bbox 319 2526 396 2599; x_wconf 84' lang='lat' dir='ltr'>Rex</span> <span class='ocrx_word' id='word_1_129' title='bbox 418 2513 633 2601; x_wconf 88' lang='lat' dir='ltr'>Guillelmus</span> <span class='ocrx_word' id='word_1_130' title='bbox 653 2526 819 2626; x_wconf 89' lang='lat' dir='ltr'>dejectis,</span> <span class='ocrx_word' id='word_1_131' title='bbox 846 2540 888 2597; x_wconf 92' lang='lat' dir='ltr'>ut</span> <span class='ocrx_word' id='word_1_132' title='bbox 914 2525 1091 2616; x_wconf 80' lang='lat' dir='ltr'>diximus,</span> <span class='ocrx_word' id='word_1_133' title='bbox 1119 2525 1341 2601; x_wconf 80' lang='lat' dir='ltr'>Merciomm</span> 
     </span>
    </p>
   </div>
   <div class='ocr_carea' id='block_1_4' title="bbox 268 2640 1344 3680">
    <p class='ocr_par' dir='ltr' id='par_1_4' title="bbox 268 2640 1344 3680">
     <span class='ocr_line' id='line_1_20' title="bbox 268 2640 1342 2731; baseline 0.003 -19"><span class='ocrx_word' id='word_1_134' title='bbox 268 2642 434 2727; x_wconf 63' lang='lat' dir='ltr'>maximis</span> <span class='ocrx_word' id='word_1_135' title='bbox 459 2643 667 2717; x_wconf 88' lang='lat' dir='ltr'>consulibus</span> <span class='ocrx_word' id='word_1_136' title='bbox 692 2675 700 2715; x_wconf 91' lang='lat'><strong>:</strong></span> <span class='ocrx_word' id='word_1_137' title='bbox 730 2642 877 2716; x_wconf 89' lang='lat' dir='ltr'>Eduiuo</span> <span class='ocrx_word' id='word_1_138' title='bbox 900 2642 1046 2719; x_wconf 87' lang='lat' dir='ltr'>scilicet·</span> <span class='ocrx_word' id='word_1_139' title='bbox 1064 2640 1285 2731; x_wconf 82' lang='lat' dir='ltr'>interfecto,</span> <span class='ocrx_word' id='word_1_140' title='bbox 1308 2657 1342 2715; x_wconf 84' lang='lat' dir='ltr'>ct</span> 
     </span>
     <span class='ocr_line' id='line_1_21' title="bbox 268 2758 1342 2862; baseline 0.001 -30"><span class='ocrx_word' id='word_1_141' title='bbox 268 2760 436 2836; x_wconf 86' lang='lat' dir='ltr'>Morcaro</span> <span class='ocrx_word' id='word_1_142' title='bbox 454 2764 492 2836; x_wconf 92' lang='lat' dir='ltr'>iu</span> <span class='ocrx_word' id='word_1_143' title='bbox 506 2763 658 2836; x_wconf 89' lang='lat' dir='ltr'>vinculis</span> <span class='ocrx_word' id='word_1_144' title='bbox 671 2762 886 2849; x_wconf 87' lang='lat' dir='ltr'>constricto,</span> <span class='ocrx_word' id='word_1_145' title='bbox 899 2758 1124 2859; x_wconf 81' lang='lat' dir='ltr'>adjutoribus</span> <span class='ocrx_word' id='word_1_146' title='bbox 1140 2761 1218 2837; x_wconf 74' lang='lat' dir='ltr'>suis</span> <span class='ocrx_word' id='word_1_147' title='bbox 1232 2760 1342 2862; x_wconf 74' lang='lat' dir='ltr'>incly-</span> 
     </span>
     <span class='ocr_line' id='line_1_22' title="bbox 270 2876 1343 2981; baseline 0.005 -32"><span class='ocrx_word' id='word_1_148' title='bbox 270 2891 322 2949; x_wconf 78' lang='lat' dir='ltr'>tas</span> <span class='ocrx_word' id='word_1_149' title='bbox 337 2876 477 2978; x_wconf 81' lang='lat' dir='ltr'>Angliae</span> <span class='ocrx_word' id='word_1_150' title='bbox 496 2883 659 2981; x_wconf 82' lang='lat' dir='ltr'>regiones</span> <span class='ocrx_word' id='word_1_151' title='bbox 672 2878 881 2967; x_wconf 88' lang='lat' dir='ltr'>distribuit,</span> <span class='ocrx_word' id='word_1_152' title='bbox 900 2894 994 2953; x_wconf 82' lang='lat' dir='ltr'>etex</span> <span class='ocrx_word' id='word_1_153' title='bbox 1013 2879 1148 2952; x_wconf 83' lang='lat' dir='ltr'>infimis</span> <span class='ocrx_word' id='word_1_154' title='bbox 1165 2878 1343 2954; x_wconf 69' lang='lat' dir='ltr'>stomun</span> 
     </span>
     <span class='ocr_line' id='line_1_23' title="bbox 270 2995 1343 3072; baseline 0.002 -3"><span class='ocrx_word' id='word_1_155' title='bbox 270 3020 406 3069; x_wconf 87' lang='lat' dir='ltr'>uorum</span> <span class='ocrx_word' id='word_1_156' title='bbox 428 2997 622 3071; x_wconf 88' lang='lat' dir='ltr'>clientibus</span> <span class='ocrx_word' id='word_1_157' title='bbox 645 2998 813 3072; x_wconf 85' lang='lat' dir='ltr'>tribunos</span> <span class='ocrx_word' id='word_1_158' title='bbox 834 3013 873 3070; x_wconf 88' lang='lat' dir='ltr'>et</span> <span class='ocrx_word' id='word_1_159' title='bbox 894 2999 1127 3071; x_wconf 86' lang='lat' dir='ltr'>centuriones</span> <span class='ocrx_word' id='word_1_160' title='bbox 1147 2995 1343 3071; x_wconf 79' lang='lat' dir='ltr'>ditissimos</span> 
     </span>
     <span class='ocr_line' id='line_1_24' title="bbox 270 3110 1343 3215; baseline 0 -28"><span class='ocrx_word' id='word_1_161' title='bbox 270 3114 399 3187; x_wconf 87' lang='lat' dir='ltr'>erexit.</span> <span class='ocrx_word' id='word_1_162' title='bbox 425 3115 615 3189; x_wconf 91' lang='lat' dir='ltr'>Willelmo</span> <span class='ocrx_word' id='word_1_163' title='bbox 635 3115 807 3215; x_wconf 79' lang='lat' dir='ltr'>Dspisero</span> <span class='ocrx_word' id='word_1_164' title='bbox 828 3113 1063 3188; x_wconf 82' lang='lat' dir='ltr'>Normsnniae</span> <span class='ocrx_word' id='word_1_165' title='bbox 1087 3110 1246 3187; x_wconf 79' lang='lat' dir='ltr'>Osbcrni</span> <span class='ocrx_word' id='word_1_166' title='bbox 1269 3112 1343 3188; x_wconf 85' lang='lat' dir='ltr'>lilio</span> 
     </span>
     <span class='ocr_line' id='line_1_25' title="bbox 271 3228 1342 3329; baseline 0.006 -29"><span class='ocrx_word' id='word_1_167' title='bbox 271 3228 423 3302; x_wconf 82' lang='lat' dir='ltr'>rusulum</span> <span class='ocrx_word' id='word_1_168' title='bbox 435 3231 583 3305; x_wconf 86' lang='lat' dir='ltr'>Vectam</span> <span class='ocrx_word' id='word_1_169' title='bbox 596 3251 632 3307; x_wconf 90' lang='lat' dir='ltr'>et</span> <span class='ocrx_word' id='word_1_170' title='bbox 645 3249 858 3308; x_wconf 77' lang='lat' dir='ltr'>comitatum</span> <span class='ocrx_word' id='word_1_171' title='bbox 870 3228 1288 3329; x_wconf 82' lang='lat' dir='ltr'>Herlordenscmdedit(</span> <span class='ocrx_word' id='word_1_172' title='bbox 1296 3232 1342 3325; x_wconf 82' lang='lat' dir='ltr'>r,)</span> 
     </span>
     <span class='ocr_line' id='line_1_26' title="bbox 271 3234 1344 3476; baseline 0.001 -56"><span class='ocrx_word' id='word_1_173' title='bbox 271 3371 425 3448; x_wconf 86' lang='lat' dir='ltr'>eumque</span> <span class='ocrx_word' id='word_1_174' title='bbox 442 3374 524 3421; x_wconf 92' lang='lat' dir='ltr'>cum</span> <span class='ocrx_word' id='word_1_175' title='bbox 541 3347 730 3424; x_wconf 85' lang='lat' dir='ltr'>Gualterio</span> <span class='ocrx_word' id='word_1_176' title='bbox 747 3348 791 3423; x_wconf 89' lang='lat' dir='ltr'>de</span> <span class='ocrx_word' id='word_1_177' title='bbox 809 3348 988 3447; x_wconf 84' lang='lat' dir='ltr'>Lacei0(2</span> <span class='ocrx_word' id='word_1_178' title='bbox 949 3348 1026 3447; x_wconf 89' lang='lat'>(2),</span> <span class='ocrx_word' id='word_1_179' title='bbox 1043 3234 1344 3476; x_wconf 73' lang='lat' dir='ltr'>aliisqueprdbs-</span> 
     </span>
     <span class='ocr_line' id='line_1_27' title="bbox 272 3461 1341 3564; baseline 0 -30"><span class='ocrx_word' id='word_1_180' title='bbox 272 3461 317 3535; x_wconf 89' lang='lat' dir='ltr'>tis</span> <span class='ocrx_word' id='word_1_181' title='bbox 333 3462 515 3564; x_wconf 81' lang='lat' dir='ltr'>pugilibus</span> <span class='ocrx_word' id='word_1_182' title='bbox 526 3483 654 3539; x_wconf 79' lang='lat' dir='ltr'>contra</span> <span class='ocrx_word' id='word_1_183' title='bbox 668 3467 834 3539; x_wconf 84' lang='lat' dir='ltr'>Britoues</span> <span class='ocrx_word' id='word_1_184' title='bbox 847 3463 950 3538; x_wconf 87' lang='lat' dir='ltr'>bellis</span> <span class='ocrx_word' id='word_1_185' title='bbox 964 3462 1144 3537; x_wconf 77' lang='lat' dir='ltr'>inhiantes</span> <span class='ocrx_word' id='word_1_186' title='bbox 1155 3462 1341 3564; x_wconf 82' lang='lat' dir='ltr'>opposuit.</span> 
     </span>
     <span class='ocr_line' id='line_1_28' title="bbox 271 3577 1339 3680; baseline 0 -30"><span class='ocrx_word' id='word_1_187' title='bbox 271 3577 413 3652; x_wconf 88' lang='lat' dir='ltr'>llorum</span> <span class='ocrx_word' id='word_1_188' title='bbox 437 3580 580 3654; x_wconf 80' lang='lat' dir='ltr'>audacia</span> <span class='ocrx_word' id='word_1_189' title='bbox 608 3580 897 3655; x_wconf 80' lang='lat' dir='ltr'>Brachauiuunos</span> <span class='ocrx_word' id='word_1_190' title='bbox 915 3582 973 3679; x_wconf 73' lang='grc' dir='ltr'>(ὃ)</span> <span class='ocrx_word' id='word_1_191' title='bbox 998 3579 1167 3680; x_wconf 89' lang='lat' dir='ltr'>primitus</span> <span class='ocrx_word' id='word_1_192' title='bbox 1193 3579 1339 3662; x_wconf 70' lang='lat' dir='ltr'>invasit,</span> 
     </span>
    </p>
   </div>
   <div class='ocr_carea' id='block_1_5' title="bbox 277 3906 1343 4239">
    <p class='ocr_par' dir='ltr' id='par_1_5' title="bbox 277 3906 1343 4239">
     <span class='ocr_line' id='line_1_29' title="bbox 309 3906 992 3994; baseline 0.001 -24"><span class='ocrx_word' id='word_1_193' title='bbox 309 3918 348 3987; x_wconf 89' lang='grc' dir='ltr'>(ι)</span> <span class='ocrx_word' id='word_1_194' title='bbox 368 3906 482 3974; x_wconf 80' lang='lat' dir='ltr'>L&#39;ilcde</span> <span class='ocrx_word' id='word_1_195' title='bbox 495 3920 599 3994; x_wconf 74' lang='lat' dir='ltr'>Wigbt</span> <span class='ocrx_word' id='word_1_196' title='bbox 612 3919 676 3977; x_wconf 84' lang='lat' dir='ltr'>etle</span> <span class='ocrx_word' id='word_1_197' title='bbox 689 3923 782 3976; x_wconf 77' lang='lat' dir='ltr'>comte</span> <span class='ocrx_word' id='word_1_198' title='bbox 795 3919 830 3974; x_wconf 87' lang='lat' dir='ltr'>de</span> <span class='ocrx_word' id='word_1_199' title='bbox 842 3918 992 3975; x_wconf 84' lang='lat' dir='ltr'>Herclord.</span> 
     </span>
     <span class='ocr_line' id='line_1_30' title="bbox 310 4001 1195 4082; baseline 0 -24"><span class='ocrx_word' id='word_1_200' title='bbox 310 4005 349 4074; x_wconf 75' lang='grc' dir='ltr'>(ι)</span> <span class='ocrx_word' id='word_1_201' title='bbox 366 4005 486 4063; x_wconf 82' lang='lat' dir='ltr'>Gauticr</span> <span class='ocrx_word' id='word_1_202' title='bbox 497 4007 531 4063; x_wconf 85' lang='lat' dir='ltr'>de</span> <span class='ocrx_word' id='word_1_203' title='bbox 547 4009 625 4078; x_wconf 78' lang='lat' dir='ltr'>Luci,</span> <span class='ocrx_word' id='word_1_204' title='bbox 641 4011 704 4082; x_wconf 62' lang='lat' dir='ltr'>prus</span> <span class='ocrx_word' id='word_1_205' title='bbox 715 4006 1017 4064; x_wconf 75' lang='lat' dir='ltr'>Condc-sur·Noimu</span> <span class='ocrx_word' id='word_1_206' title='bbox 1028 4001 1195 4075; x_wconf 64' lang='lat' dir='ltr'>(curuos).</span> 
     </span>
     <span class='ocr_line' id='line_1_31' title="bbox 277 4090 1343 4239; baseline -0.008 -86"><span class='ocrx_word' id='word_1_207' title='bbox 277 4091 583 4239; x_wconf 48' lang='lat' dir='ltr'>Giijifmbablmm</span> <span class='ocrx_word' id='word_1_208' title='bbox 603 4097 641 4153; x_wconf 85' lang='lat' dir='ltr'>les</span> <span class='ocrx_word' id='word_1_209' title='bbox 659 4099 800 4155; x_wconf 71' lang='lat' dir='ltr'>tanturn</span> <span class='ocrx_word' id='word_1_210' title='bbox 811 4098 851 4153; x_wconf 88' lang='lat' dir='ltr'>du</span> <span class='ocrx_word' id='word_1_211' title='bbox 871 4096 1091 4162; x_wconf 72' lang='lat' dir='ltr'>Bmknobbire,</span> <span class='ocrx_word' id='word_1_212' title='bbox 1106 4092 1217 4151; x_wconf 68' lang='lat' dir='ltr'>dmin</span> <span class='ocrx_word' id='word_1_213' title='bbox 1234 4108 1302 4167; x_wconf 70' lang='lat' dir='ltr'>pm</span> <span class='ocrx_word' id='word_1_214' title='bbox 1312 4090 1343 4145; x_wconf 79' lang='lat' dir='ltr'>dr</span> 
     </span>
    </p>
   </div>
   <div class='ocr_carea' id='block_1_6' title="bbox 0 0 1401 5094">
    <p class='ocr_par' dir='ltr' id='par_1_6' title="bbox 0 0 1401 5094">
     <span class='ocr_line' id='line_1_32' title="bbox 0 0 1401 5094; baseline 0 0"><span class='ocrx_word' id='word_1_215' title='bbox 0 0 1401 5094; x_wconf 95' lang='lat' dir='ltr'> </span> 
     </span>
    </p>
   </div>
  </div>
 </body>
</html>
