<?xml version="1.0" encoding="UTF-8"?>
<!DOCTYPE html PUBLIC "-//W3C//DTD XHTML 1.0 Transitional//EN"
    "http://www.w3.org/TR/xhtml1/DTD/xhtml1-transitional.dtd">
<html xmlns="http://www.w3.org/1999/xhtml" xml:lang="en" lang="en">
 <head>
  <title>
</title>
<meta http-equiv="Content-Type" content="text/html;charset=utf-8" />
  <meta name='ocr-system' content='tesseract 3.04.00' />
  <meta name='ocr-capabilities' content='ocr_page ocr_carea ocr_par ocr_line ocrx_word'/>
</head>
<body>
  <div class='ocr_page' id='page_1' title='image "./ordericivitalis06deligoog_0031.png"; bbox 0 0 2768 5094; ppageno 0'>
   <div class='ocr_carea' id='block_1_1' title="bbox 1280 74 1297 139">
    <p class='ocr_par' dir='ltr' id='par_1_1' title="bbox 1280 74 1297 139">
     <span class='ocr_line' id='line_1_1' title="bbox 1280 74 1297 139; baseline 0 0"><span class='ocrx_word' id='word_1_1' title='bbox 1280 74 1297 139; x_wconf 65' lang='lat' dir='ltr'><strong>l</strong></span> 
     </span>
    </p>
   </div>
   <div class='ocr_carea' id='block_1_2' title="bbox 1284 266 1304 299">
    <p class='ocr_par' dir='ltr' id='par_1_2' title="bbox 1284 266 1304 299">
     <span class='ocr_line' id='line_1_2' title="bbox 1284 266 1304 299; baseline 0 0"><span class='ocrx_word' id='word_1_2' title='bbox 1284 266 1304 299; x_wconf 68' lang='lat' dir='ltr'><strong>Qr</strong></span> 
     </span>
    </p>
   </div>
   <div class='ocr_carea' id='block_1_3' title="bbox 269 342 1380 460">
    <p class='ocr_par' dir='ltr' id='par_1_3' title="bbox 269 342 1380 460">
     <span class='ocr_line' id='line_1_3' title="bbox 269 342 1380 460; baseline 0.01 -29"><span class='ocrx_word' id='word_1_3' title='bbox 269 385 305 443; x_wconf 66' lang='grc' dir='ltr'><strong>ιε</strong></span> <span class='ocrx_word' id='word_1_4' title='bbox 543 371 728 434; x_wconf 80' lang='lat' dir='ltr'><strong>ntsrouu</strong></span> <span class='ocrx_word' id='word_1_5' title='bbox 749 373 1055 437; x_wconf 79' lang='lat' dir='ltr'><strong>ucctastasucl.</strong></span> <span class='ocrx_word' id='word_1_6' title='bbox 1197 342 1338 460; x_wconf 52' lang='lat' dir='ltr'><strong>u[iasa]</strong></span> <span class='ocrx_word' id='word_1_7' title='bbox 1378 388 1380 399; x_wconf 91' lang='lat'>·</span> 
     </span>
    </p>
   </div>
   <div class='ocr_carea' id='block_1_4' title="bbox 264 494 1348 3644">
    <p class='ocr_par' dir='ltr' id='par_1_4' title="bbox 264 494 1348 3644">
     <span class='ocr_line' id='line_1_4' title="bbox 316 494 1340 590; baseline -0.002 -14"><span class='ocrx_word' id='word_1_8' title='bbox 316 495 478 575; x_wconf 79' lang='lat' dir='ltr'><strong>Annoab</strong></span> <span class='ocrx_word' id='word_1_9' title='bbox 489 495 736 569; x_wconf 79' lang='lat' dir='ltr'><strong>incarnatione</strong></span> <span class='ocrx_word' id='word_1_10' title='bbox 748 497 894 570; x_wconf 87' lang='lat' dir='ltr'><strong>Domini</strong></span> <span class='ocrx_word' id='word_1_11' title='bbox 909 507 977 571; x_wconf 61' lang='grc' dir='ltr'><strong>κιο</strong></span> <span class='ocrx_word' id='word_1_12' title='bbox 988 494 1188 573; x_wconf 82' lang='lat' dir='ltr'><strong>indictione</strong></span> <span class='ocrx_word' id='word_1_13' title='bbox 1201 512 1271 590; x_wconf 69' lang='lat' dir='ltr'><strong>w,</strong></span> <span class='ocrx_word' id='word_1_14' title='bbox 1282 501 1340 574; x_wconf 86' lang='lat' dir='ltr'><strong>fir·</strong></span> 
     </span>
     <span class='ocr_line' id='line_1_5' title="bbox 265 612 1337 714; baseline -0.002 -20"><span class='ocrx_word' id='word_1_15' title='bbox 265 638 364 694; x_wconf 91' lang='lat' dir='ltr'><strong>mato</strong></span> <span class='ocrx_word' id='word_1_16' title='bbox 381 615 533 690; x_wconf 86' lang='lat' dir='ltr'><strong>consilio</strong></span> <span class='ocrx_word' id='word_1_17' title='bbox 550 612 594 687; x_wconf 89' lang='lat' dir='ltr'><strong>de</strong></span> <span class='ocrx_word' id='word_1_18' title='bbox 614 614 849 688; x_wconf 87' lang='lat' dir='ltr'><strong>restaurando</strong></span> <span class='ocrx_word' id='word_1_19' title='bbox 865 614 959 714; x_wconf 90' lang='lat' dir='ltr'><strong>apud</strong></span> <span class='ocrx_word' id='word_1_20' title='bbox 975 618 1123 690; x_wconf 90' lang='lat' dir='ltr'><strong>Uticum</strong></span> <span class='ocrx_word' id='word_1_21' title='bbox 1140 617 1337 708; x_wconf 87' lang='lat' dir='ltr'><strong>coenobio,</strong></span> 
     </span>
     <span class='ocr_line' id='line_1_6' title="bbox 266 728 1340 834; baseline -0.001 -27"><span class='ocrx_word' id='word_1_22' title='bbox 266 734 482 807; x_wconf 86' lang='lat' dir='ltr'><strong>Willermus</strong></span> <span class='ocrx_word' id='word_1_23' title='bbox 500 745 537 803; x_wconf 89' lang='lat' dir='ltr'><strong>et</strong></span> <span class='ocrx_word' id='word_1_24' title='bbox 560 728 759 803; x_wconf 88' lang='lat' dir='ltr'><strong>Rotbertus</strong></span> <span class='ocrx_word' id='word_1_25' title='bbox 776 729 841 804; x_wconf 90' lang='lat' dir='ltr'><strong>filii</strong></span> <span class='ocrx_word' id='word_1_26' title='bbox 865 730 989 804; x_wconf 88' lang='lat' dir='ltr'><strong>Geroii</strong></span> <span class='ocrx_word' id='word_1_27' title='bbox 1009 731 1092 830; x_wconf 89' lang='lat'><strong>(1),</strong></span> <span class='ocrx_word' id='word_1_28' title='bbox 1115 748 1152 805; x_wconf 90' lang='lat' dir='ltr'><strong>et</strong></span> <span class='ocrx_word' id='word_1_29' title='bbox 1175 733 1287 834; x_wconf 83' lang='lat' dir='ltr'><strong>Hugo</strong></span> <span class='ocrx_word' id='word_1_30' title='bbox 1301 759 1340 806; x_wconf 89' lang='lat' dir='ltr'><strong>ac</strong></span> 
     </span>
     <span class='ocr_line' id='line_1_7' title="bbox 266 844 1342 925; baseline 0 -1"><span class='ocrx_word' id='word_1_31' title='bbox 266 849 463 925; x_wconf 81' lang='lat' dir='ltr'><strong>ttotbertus</strong></span> <span class='ocrx_word' id='word_1_32' title='bbox 488 846 554 920; x_wconf 91' lang='lat' dir='ltr'><strong>filii</strong></span> <span class='ocrx_word' id='word_1_33' title='bbox 578 844 748 920; x_wconf 83' lang='lat' dir='ltr'><strong>Rotberti</strong></span> <span class='ocrx_word' id='word_1_34' title='bbox 773 847 817 922; x_wconf 89' lang='lat' dir='ltr'><strong>de</strong></span> <span class='ocrx_word' id='word_1_35' title='bbox 840 848 1159 924; x_wconf 86' lang='lat' dir='ltr'><strong>Grentemaisuilio</strong></span> <span class='ocrx_word' id='word_1_36' title='bbox 1183 851 1342 924; x_wconf 87' lang='lat' dir='ltr'><strong>Willer·</strong></span> 
     </span>
     <span class='ocr_line' id='line_1_8' title="bbox 264 965 1341 1068; baseline -0.002 -25"><span class='ocrx_word' id='word_1_37' title='bbox 264 995 367 1043; x_wconf 91' lang='lat' dir='ltr'><strong>mum</strong></span> <span class='ocrx_word' id='word_1_38' title='bbox 378 967 507 1040; x_wconf 90' lang='lat' dir='ltr'><strong>ducem</strong></span> <span class='ocrx_word' id='word_1_39' title='bbox 516 965 816 1040; x_wconf 87' lang='lat' dir='ltr'><strong>Normanunrum</strong></span> <span class='ocrx_word' id='word_1_40' title='bbox 827 965 1007 1056; x_wconf 86' lang='lat' dir='ltr'><strong>adierunt,</strong></span> <span class='ocrx_word' id='word_1_41' title='bbox 1022 992 1195 1068; x_wconf 87' lang='lat' dir='ltr'><strong>suamque</strong></span> <span class='ocrx_word' id='word_1_42' title='bbox 1210 968 1341 1041; x_wconf 84' lang='lat' dir='ltr'><strong>volun·</strong></span> 
     </span>
     <span class='ocr_line' id='line_1_9' title="bbox 264 1083 1341 1182; baseline 0 -24"><span class='ocrx_word' id='word_1_43' title='bbox 264 1099 376 1158; x_wconf 80' lang='lat' dir='ltr'><strong>tatem</strong></span> <span class='ocrx_word' id='word_1_44' title='bbox 391 1084 443 1155; x_wconf 93' lang='lat' dir='ltr'><strong>illi</strong></span> <span class='ocrx_word' id='word_1_45' title='bbox 459 1098 723 1171; x_wconf 77' lang='lat' dir='ltr'><strong>reseraverunt,</strong></span> <span class='ocrx_word' id='word_1_46' title='bbox 738 1098 847 1182; x_wconf 86' lang='lat' dir='ltr'><strong>atque</strong></span> <span class='ocrx_word' id='word_1_47' title='bbox 862 1097 903 1155; x_wconf 90' lang='lat' dir='ltr'><strong>ut</strong></span> <span class='ocrx_word' id='word_1_48' title='bbox 917 1083 1108 1182; x_wconf 92' lang='lat' dir='ltr'><strong>principali</strong></span> <span class='ocrx_word' id='word_1_49' title='bbox 1122 1084 1341 1158; x_wconf 84' lang='lat' dir='ltr'><strong>auctoritate</strong></span> 
     </span>
     <span class='ocr_line' id='line_1_10' title="bbox 264 1197 1341 1302; baseline -0.001 -27"><span class='ocrx_word' id='word_1_50' title='bbox 264 1201 308 1274; x_wconf 92' lang='lat' dir='ltr'><strong>ad</strong></span> <span class='ocrx_word' id='word_1_51' title='bbox 329 1227 420 1302; x_wconf 91' lang='lat' dir='ltr'><strong>opus</strong></span> <span class='ocrx_word' id='word_1_52' title='bbox 441 1197 583 1271; x_wconf 90' lang='lat' dir='ltr'><strong>salubre</strong></span> <span class='ocrx_word' id='word_1_53' title='bbox 605 1197 673 1272; x_wconf 90' lang='lat' dir='ltr'><strong>sibi</strong></span> <span class='ocrx_word' id='word_1_54' title='bbox 697 1199 932 1273; x_wconf 87' lang='lat' dir='ltr'><strong>auxiliaretur</strong></span> <span class='ocrx_word' id='word_1_55' title='bbox 952 1200 1242 1298; x_wconf 84' lang='lat' dir='ltr'><strong>postulaverunt.</strong></span> <span class='ocrx_word' id='word_1_56' title='bbox 1269 1202 1341 1274; x_wconf 84' lang='lat' dir='ltr'><strong>bo-</strong></span> 
     </span>
     <span class='ocr_line' id='line_1_11' title="bbox 265 1318 1339 1416; baseline -0.002 -24"><span class='ocrx_word' id='word_1_57' title='bbox 265 1346 350 1392; x_wconf 90' lang='lat' dir='ltr'><strong>cum</strong></span> <span class='ocrx_word' id='word_1_58' title='bbox 370 1318 479 1392; x_wconf 90' lang='lat' dir='ltr'><strong>etiam</strong></span> <span class='ocrx_word' id='word_1_59' title='bbox 500 1318 845 1416; x_wconf 77' lang='lat' dir='ltr'><strong>saepenominatam</strong></span> <span class='ocrx_word' id='word_1_60' title='bbox 871 1318 1058 1392; x_wconf 89' lang='lat' dir='ltr'><strong>communi</strong></span> <span class='ocrx_word' id='word_1_61' title='bbox 1086 1342 1268 1390; x_wconf 85' lang='lat' dir='ltr'><strong>consensu</strong></span> <span class='ocrx_word' id='word_1_62' title='bbox 1293 1318 1339 1390; x_wconf 74' lang='lat' dir='ltr'><strong>ita</strong></span> 
     </span>
     <span class='ocr_line' id='line_1_12' title="bbox 266 1430 1340 1532; baseline -0.003 -27"><span class='ocrx_word' id='word_1_63' title='bbox 266 1433 422 1508; x_wconf 89' lang='lat' dir='ltr'><strong>liberum</strong></span> <span class='ocrx_word' id='word_1_64' title='bbox 439 1431 668 1506; x_wconf 87' lang='lat' dir='ltr'><strong>tradiderunt</strong></span> <span class='ocrx_word' id='word_1_65' title='bbox 684 1436 759 1532; x_wconf 88' lang='lat' dir='ltr'><strong>ejus</strong></span> <span class='ocrx_word' id='word_1_66' title='bbox 776 1433 899 1505; x_wconf 87' lang='lat' dir='ltr'><strong>tutelae</strong></span> <span class='ocrx_word' id='word_1_67' title='bbox 908 1486 919 1522; x_wconf 91' lang='lat'><strong>,</strong></span> <span class='ocrx_word' id='word_1_68' title='bbox 935 1449 979 1505; x_wconf 92' lang='lat' dir='ltr'><strong>ut</strong></span> <span class='ocrx_word' id='word_1_69' title='bbox 992 1459 1059 1506; x_wconf 90' lang='lat' dir='ltr'><strong>uec</strong></span> <span class='ocrx_word' id='word_1_70' title='bbox 1073 1430 1164 1519; x_wconf 89' lang='lat' dir='ltr'><strong>sibi,</strong></span> <span class='ocrx_word' id='word_1_71' title='bbox 1179 1457 1250 1504; x_wconf 92' lang='lat' dir='ltr'><strong>nec</strong></span> <span class='ocrx_word' id='word_1_72' title='bbox 1263 1431 1340 1504; x_wconf 83' lang='lat' dir='ltr'><strong>aliia</strong></span> 
     </span>
     <span class='ocr_line' id='line_1_13' title="bbox 264 1549 1337 1652; baseline -0.001 -29"><span class='ocrx_word' id='word_1_73' title='bbox 264 1549 489 1652; x_wconf 82' lang='lat' dir='ltr'><strong>quibuslibet</strong></span> <span class='ocrx_word' id='word_1_74' title='bbox 520 1550 676 1650; x_wconf 90' lang='lat' dir='ltr'><strong>aliquam</strong></span> <span class='ocrx_word' id='word_1_75' title='bbox 706 1550 1005 1625; x_wconf 86' lang='lat' dir='ltr'><strong>consuetudinem</strong></span> <span class='ocrx_word' id='word_1_76' title='bbox 1033 1576 1096 1623; x_wconf 90' lang='lat' dir='ltr'><strong>seu</strong></span> <span class='ocrx_word' id='word_1_77' title='bbox 1128 1549 1337 1637; x_wconf 88' lang='lat' dir='ltr'><strong>redditum,</strong></span> 
     </span>
     <span class='ocr_line' id='line_1_14' title="bbox 265 1663 1341 1766; baseline -0.003 -27"><span class='ocrx_word' id='word_1_78' title='bbox 265 1683 401 1766; x_wconf 74' lang='lat' dir='ltr'><strong>praeter</strong></span> <span class='ocrx_word' id='word_1_79' title='bbox 414 1665 587 1740; x_wconf 89' lang='lat' dir='ltr'><strong>beneficia</strong></span> <span class='ocrx_word' id='word_1_80' title='bbox 604 1667 832 1756; x_wconf 88' lang='lat' dir='ltr'><strong>orationum,</strong></span> <span class='ocrx_word' id='word_1_81' title='bbox 847 1664 1038 1763; x_wconf 90' lang='lat' dir='ltr'><strong>aliquando</strong></span> <span class='ocrx_word' id='word_1_82' title='bbox 1055 1693 1074 1737; x_wconf 91' lang='lat' dir='ltr'><strong>a</strong></span> <span class='ocrx_word' id='word_1_83' title='bbox 1089 1663 1281 1738; x_wconf 87' lang='lat' dir='ltr'><strong>monachis</strong></span> <span class='ocrx_word' id='word_1_84' title='bbox 1295 1664 1341 1736; x_wconf 93' lang='lat' dir='ltr'><strong>li-</strong></span> 
     </span>
     <span class='ocr_line' id='line_1_15' title="bbox 268 1780 1340 1885; baseline -0.006 -25"><span class='ocrx_word' id='word_1_85' title='bbox 268 1802 386 1874; x_wconf 85' lang='lat' dir='ltr'><strong>oeret,</strong></span> <span class='ocrx_word' id='word_1_86' title='bbox 399 1785 456 1859; x_wconf 85' lang='lat' dir='ltr'><strong>rel</strong></span> <span class='ocrx_word' id='word_1_87' title='bbox 468 1783 677 1856; x_wconf 89' lang='lat' dir='ltr'><strong>homiuibus</strong></span> <span class='ocrx_word' id='word_1_88' title='bbox 690 1810 819 1857; x_wconf 88' lang='lat' dir='ltr'><strong>eorum</strong></span> <span class='ocrx_word' id='word_1_89' title='bbox 831 1787 985 1885; x_wconf 80' lang='lat' dir='ltr'><strong>exigere.</strong></span> <span class='ocrx_word' id='word_1_90' title='bbox 1001 1785 1085 1856; x_wconf 83' lang='lat' dir='ltr'><strong>Dux</strong></span> <span class='ocrx_word' id='word_1_91' title='bbox 1100 1798 1224 1856; x_wconf 87' lang='lat' dir='ltr'><strong>autern</strong></span> <span class='ocrx_word' id='word_1_92' title='bbox 1236 1780 1340 1857; x_wconf 78' lang='lat' dir='ltr'><strong>bonae</strong></span> 
     </span>
     <span class='ocr_line' id='line_1_16' title="bbox 268 1901 1337 2002; baseline -0.003 -28"><span class='ocrx_word' id='word_1_93' title='bbox 268 1903 447 1977; x_wconf 86' lang='lat' dir='ltr'><strong>voluntati</strong></span> <span class='ocrx_word' id='word_1_94' title='bbox 463 1927 590 1975; x_wconf 88' lang='lat' dir='ltr'><strong>corum</strong></span> <span class='ocrx_word' id='word_1_95' title='bbox 606 1915 792 2002; x_wconf 78' lang='lat' dir='ltr'><strong>gratanter</strong></span> <span class='ocrx_word' id='word_1_96' title='bbox 806 1901 1008 2002; x_wconf 87' lang='lat' dir='ltr'><strong>adquievit,</strong></span> <span class='ocrx_word' id='word_1_97' title='bbox 1027 1916 1064 1972; x_wconf 90' lang='lat' dir='ltr'><strong>et</strong></span> <span class='ocrx_word' id='word_1_98' title='bbox 1081 1915 1337 1973; x_wconf 84' lang='lat' dir='ltr'><strong>testamentum</strong></span> 
     </span>
     <span class='ocr_line' id='line_1_17' title="bbox 266 2016 1337 2120; baseline -0.002 -27"><span class='ocrx_word' id='word_1_99' title='bbox 266 2020 312 2095; x_wconf 92' lang='lat' dir='ltr'><strong>de</strong></span> <span class='ocrx_word' id='word_1_100' title='bbox 332 2019 460 2109; x_wconf 87' lang='lat' dir='ltr'><strong>rebus,</strong></span> <span class='ocrx_word' id='word_1_101' title='bbox 474 2046 561 2120; x_wconf 91' lang='lat' dir='ltr'><strong>quas</strong></span> <span class='ocrx_word' id='word_1_102' title='bbox 587 2021 779 2118; x_wconf 83' lang='lat' dir='ltr'><strong>optimates</strong></span> <span class='ocrx_word' id='word_1_103' title='bbox 797 2021 850 2093; x_wconf 89' lang='lat' dir='ltr'><strong>sui</strong></span> <span class='ocrx_word' id='word_1_104' title='bbox 869 2035 993 2093; x_wconf 69' lang='lat' dir='ltr'><strong>sarecto</strong></span> <span class='ocrx_word' id='word_1_105' title='bbox 1016 2016 1172 2091; x_wconf 86' lang='lat' dir='ltr'><strong>Ebrulso</strong></span> <span class='ocrx_word' id='word_1_106' title='bbox 1191 2017 1337 2101; x_wconf 76' lang='lat' dir='ltr'><strong>dabant,</strong></span> 
     </span>
     <span class='ocr_line' id='line_1_18' title="bbox 268 2133 1337 2236; baseline -0.002 -26"><span class='ocrx_word' id='word_1_107' title='bbox 268 2137 518 2225; x_wconf 84' lang='lat' dir='ltr'><strong>confirmavit,</strong></span> <span class='ocrx_word' id='word_1_108' title='bbox 540 2151 577 2209; x_wconf 92' lang='lat' dir='ltr'><strong>et</strong></span> <span class='ocrx_word' id='word_1_109' title='bbox 592 2135 765 2236; x_wconf 87' lang='lat' dir='ltr'><strong>Malgerio</strong></span> <span class='ocrx_word' id='word_1_110' title='bbox 779 2136 1034 2235; x_wconf 86' lang='lat' dir='ltr'><strong>Rotomagensi</strong></span> <span class='ocrx_word' id='word_1_111' title='bbox 1051 2133 1337 2233; x_wconf 82' lang='lat' dir='ltr'><strong>archiepiscopo,</strong></span> 
     </span>
     <span class='ocr_line' id='line_1_19' title="bbox 268 2252 1340 2353; baseline -0.004 -25"><span class='ocrx_word' id='word_1_112' title='bbox 268 2254 572 2353; x_wconf 81' lang='lat' dir='ltr'><strong>suffraganeisque</strong></span> <span class='ocrx_word' id='word_1_113' title='bbox 589 2254 765 2352; x_wconf 86' lang='lat' dir='ltr'><strong>episcopis</strong></span> <span class='ocrx_word' id='word_1_114' title='bbox 778 2252 1107 2352; x_wconf 88' lang='lat' dir='ltr'><strong>subscriptionibus</strong></span> <span class='ocrx_word' id='word_1_115' title='bbox 1121 2254 1196 2325; x_wconf 84' lang='lat' dir='ltr'><strong>suis</strong></span> <span class='ocrx_word' id='word_1_116' title='bbox 1214 2276 1340 2325; x_wconf 86' lang='lat' dir='ltr'><strong>oorro-</strong></span> 
     </span>
     <span class='ocr_line' id='line_1_20' title="bbox 267 2368 1340 2472; baseline -0.004 -26"><span class='ocrx_word' id='word_1_117' title='bbox 267 2369 472 2446; x_wconf 88' lang='lat' dir='ltr'><strong>borandum</strong></span> <span class='ocrx_word' id='word_1_118' title='bbox 485 2368 645 2441; x_wconf 84' lang='lat' dir='ltr'><strong>tradidit.</strong></span> <span class='ocrx_word' id='word_1_119' title='bbox 662 2371 799 2444; x_wconf 86' lang='lat' dir='ltr'><strong>Deinde</strong></span> <span class='ocrx_word' id='word_1_120' title='bbox 817 2374 922 2472; x_wconf 88' lang='lat' dir='ltr'><strong>Hugo</strong></span> <span class='ocrx_word' id='word_1_121' title='bbox 936 2389 972 2446; x_wconf 90' lang='lat' dir='ltr'><strong>et</strong></span> <span class='ocrx_word' id='word_1_122' title='bbox 985 2370 1201 2457; x_wconf 88' lang='lat' dir='ltr'><strong>Rotbertus,</strong></span> <span class='ocrx_word' id='word_1_123' title='bbox 1221 2371 1340 2443; x_wconf 83' lang='lat' dir='ltr'><strong>adnot</strong></span> 
     </span>
     <span class='ocr_line' id='line_1_21' title="bbox 269 2486 1340 2588; baseline 0 -26"><span class='ocrx_word' id='word_1_124' title='bbox 269 2503 413 2588; x_wconf 88' lang='lat' dir='ltr'><strong>accepta</strong></span> <span class='ocrx_word' id='word_1_125' title='bbox 426 2486 570 2560; x_wconf 88' lang='lat' dir='ltr'><strong>lieentia</strong></span> <span class='ocrx_word' id='word_1_126' title='bbox 584 2487 738 2586; x_wconf 87' lang='lat' dir='ltr'><strong>eligendi</strong></span> <span class='ocrx_word' id='word_1_127' title='bbox 752 2487 934 2579; x_wconf 85' lang='lat' dir='ltr'><strong>abbatem,</strong></span> <span class='ocrx_word' id='word_1_128' title='bbox 949 2490 1216 2563; x_wconf 89' lang='lat' dir='ltr'><strong>Gemmeticum</strong></span> <span class='ocrx_word' id='word_1_129' title='bbox 1231 2512 1340 2588; x_wconf 85' lang='lat' dir='ltr'><strong>cxpe-</strong></span> 
     </span>
     <span class='ocr_line' id='line_1_22' title="bbox 271 2603 1342 2705; baseline -0.004 -26"><span class='ocrx_word' id='word_1_130' title='bbox 271 2607 424 2693; x_wconf 86' lang='lat' dir='ltr'><strong>tierunt,</strong></span> <span class='ocrx_word' id='word_1_131' title='bbox 438 2621 475 2678; x_wconf 92' lang='lat' dir='ltr'><strong>et</strong></span> <span class='ocrx_word' id='word_1_132' title='bbox 491 2631 510 2676; x_wconf 84' lang='lat' dir='ltr'><strong>a</strong></span> <span class='ocrx_word' id='word_1_133' title='bbox 524 2603 661 2678; x_wconf 89' lang='lat' dir='ltr'><strong>domno</strong></span> <span class='ocrx_word' id='word_1_134' title='bbox 676 2605 857 2682; x_wconf 86' lang='lat' dir='ltr'><strong>Rotberto</strong></span> <span class='ocrx_word' id='word_1_135' title='bbox 870 2607 1028 2705; x_wconf 87' lang='lat' dir='ltr'><strong>ejusdem</strong></span> <span class='ocrx_word' id='word_1_136' title='bbox 1041 2605 1200 2679; x_wconf 84' lang='lat' dir='ltr'><strong>ecclesioe</strong></span> <span class='ocrx_word' id='word_1_137' title='bbox 1216 2604 1342 2677; x_wconf 82' lang='lat' dir='ltr'><strong>abbate</strong></span> 
     </span>
     <span class='ocr_line' id='line_1_23' title="bbox 271 2722 1340 2824; baseline 0 -30"><span class='ocrx_word' id='word_1_138' title='bbox 271 2722 513 2797; x_wconf 65' lang='lat' dir='ltr'><strong>&#39;teodericum</strong></span> <span class='ocrx_word' id='word_1_139' title='bbox 535 2722 756 2797; x_wconf 89' lang='lat' dir='ltr'><strong>monachum</strong></span> <span class='ocrx_word' id='word_1_140' title='bbox 777 2726 833 2824; x_wconf 82' lang='lat' dir='ltr'><strong>(a)</strong></span> <span class='ocrx_word' id='word_1_141' title='bbox 858 2724 899 2797; x_wconf 94' lang='lat' dir='ltr'><strong>ad</strong></span> <span class='ocrx_word' id='word_1_142' title='bbox 917 2724 1071 2798; x_wconf 86' lang='lat' dir='ltr'><strong>abbatiae</strong></span> <span class='ocrx_word' id='word_1_143' title='bbox 1087 2749 1162 2796; x_wconf 86' lang='lat' dir='ltr'><strong>suae</strong></span> <span class='ocrx_word' id='word_1_144' title='bbox 1183 2724 1340 2823; x_wconf 86' lang='lat' dir='ltr'><strong>regimen</strong></span> 
     </span>
     <span class='ocr_line' id='line_1_24' title="bbox 272 2837 1343 2941; baseline -0.002 -31"><span class='ocrx_word' id='word_1_145' title='bbox 272 2839 528 2939; x_wconf 87' lang='lat' dir='ltr'><strong>requisierunt.</strong></span> <span class='ocrx_word' id='word_1_146' title='bbox 548 2837 669 2912; x_wconf 81' lang='lat' dir='ltr'><strong>Abbas</strong></span> <span class='ocrx_word' id='word_1_147' title='bbox 681 2866 768 2914; x_wconf 85' lang='lat' dir='ltr'><strong>vero</strong></span> <span class='ocrx_word' id='word_1_148' title='bbox 780 2848 887 2940; x_wconf 87' lang='lat' dir='ltr'><strong>justae</strong></span> <span class='ocrx_word' id='word_1_149' title='bbox 899 2840 1069 2941; x_wconf 89' lang='lat' dir='ltr'><strong>petitioni</strong></span> <span class='ocrx_word' id='word_1_150' title='bbox 1088 2837 1275 2912; x_wconf 89' lang='lat' dir='ltr'><strong>nobilium</strong></span> <span class='ocrx_word' id='word_1_151' title='bbox 1289 2837 1343 2908; x_wconf 83' lang='lat' dir='ltr'><strong>vi-</strong></span> 
     </span>
     <span class='ocr_line' id='line_1_25' title="bbox 272 2954 1344 3059; baseline -0.001 -31"><span class='ocrx_word' id='word_1_152' title='bbox 272 2983 401 3029; x_wconf 87' lang='lat' dir='ltr'><strong>rorum</strong></span> <span class='ocrx_word' id='word_1_153' title='bbox 419 2954 575 3029; x_wconf 83' lang='lat' dir='ltr'><strong>libenter</strong></span> <span class='ocrx_word' id='word_1_154' title='bbox 589 2956 699 3047; x_wconf 85' lang='lat' dir='ltr'><strong>savit,</strong></span> <span class='ocrx_word' id='word_1_155' title='bbox 721 2974 759 3032; x_wconf 89' lang='lat' dir='ltr'><strong>et</strong></span> <span class='ocrx_word' id='word_1_156' title='bbox 775 2957 1015 3047; x_wconf 86' lang='lat' dir='ltr'><strong>monachum,</strong></span> <span class='ocrx_word' id='word_1_157' title='bbox 1033 2983 1142 3059; x_wconf 88' lang='lat' dir='ltr'><strong>quem</strong></span> <span class='ocrx_word' id='word_1_158' title='bbox 1160 2954 1204 3028; x_wconf 89' lang='lat' dir='ltr'><strong>ad</strong></span> <span class='ocrx_word' id='word_1_159' title='bbox 1222 2970 1344 3054; x_wconf 83' lang='lat' dir='ltr'><strong>pasto-</strong></span> 
     </span>
     <span class='ocr_line' id='line_1_26' title="bbox 272 3050 1342 3167; baseline -0.002 -24"><span class='ocrx_word' id='word_1_160' title='bbox 272 3071 386 3144; x_wconf 85' lang='lat' dir='ltr'><strong>ralem</strong></span> <span class='ocrx_word' id='word_1_161' title='bbox 415 3098 540 3144; x_wconf 88' lang='lat' dir='ltr'><strong>curam</strong></span> <span class='ocrx_word' id='word_1_162' title='bbox 572 3050 744 3147; x_wconf 78' lang='lat' dir='ltr'><strong>idbncum</strong></span> <span class='ocrx_word' id='word_1_163' title='bbox 771 3091 944 3167; x_wconf 89' lang='lat' dir='ltr'><strong>noverat,</strong></span> <span class='ocrx_word' id='word_1_164' title='bbox 974 3074 1043 3147; x_wconf 91' lang='lat' dir='ltr'><strong>illis</strong></span> <span class='ocrx_word' id='word_1_165' title='bbox 1072 3072 1264 3147; x_wconf 85' lang='lat' dir='ltr'><strong>concessit.</strong></span> <span class='ocrx_word' id='word_1_166' title='bbox 1292 3069 1342 3143; x_wconf 89' lang='lat' dir='ltr'><strong>llli</strong></span> 
     </span>
     <span class='ocr_line' id='line_1_27' title="bbox 273 3186 1345 3291; baseline -0.003 -30"><span class='ocrx_word' id='word_1_167' title='bbox 273 3204 395 3261; x_wconf 85' lang='lat' dir='ltr'><strong>autem</strong></span> <span class='ocrx_word' id='word_1_168' title='bbox 418 3187 612 3286; x_wconf 76' lang='lat' dir='ltr'><strong>gaudentes</strong></span> <span class='ocrx_word' id='word_1_169' title='bbox 642 3216 724 3263; x_wconf 90' lang='lat' dir='ltr'><strong>eum</strong></span> <span class='ocrx_word' id='word_1_170' title='bbox 753 3190 834 3263; x_wconf 91' lang='lat' dir='ltr'><strong>duci</strong></span> <span class='ocrx_word' id='word_1_171' title='bbox 863 3202 1186 3291; x_wconf 68' lang='lat' dir='ltr'><strong>presentaverunt.</strong></span> <span class='ocrx_word' id='word_1_172' title='bbox 1214 3187 1264 3259; x_wconf 82' lang='lat' dir='ltr'><strong>At</strong></span> <span class='ocrx_word' id='word_1_173' title='bbox 1291 3186 1345 3259; x_wconf 89' lang='lat' dir='ltr'><strong>ille</strong></span> 
     </span>
     <span class='ocr_line' id='line_1_28' title="bbox 274 3301 1346 3407; baseline -0.003 -31"><span class='ocrx_word' id='word_1_174' title='bbox 274 3305 506 3381; x_wconf 81' lang='lat' dir='ltr'><strong>veneratione</strong></span> <span class='ocrx_word' id='word_1_175' title='bbox 529 3331 689 3406; x_wconf 82' lang='lat' dir='ltr'><strong>congrua</strong></span> <span class='ocrx_word' id='word_1_176' title='bbox 719 3333 802 3380; x_wconf 90' lang='lat' dir='ltr'><strong>eum</strong></span> <span class='ocrx_word' id='word_1_177' title='bbox 833 3310 1008 3407; x_wconf 84' lang='lat' dir='ltr'><strong>suscepit,</strong></span> <span class='ocrx_word' id='word_1_178' title='bbox 1038 3305 1195 3405; x_wconf 82' lang='lat' dir='ltr'><strong>datoque</strong></span> <span class='ocrx_word' id='word_1_179' title='bbox 1220 3301 1346 3375; x_wconf 91' lang='lat' dir='ltr'><strong>baculo</strong></span> 
     </span>
     <span class='ocr_line' id='line_1_29' title="bbox 276 3420 1345 3524; baseline -0.008 -28"><span class='ocrx_word' id='word_1_180' title='bbox 276 3425 469 3524; x_wconf 87' lang='lat' dir='ltr'><strong>pastorali,</strong></span> <span class='ocrx_word' id='word_1_181' title='bbox 487 3424 582 3496; x_wconf 87' lang='lat' dir='ltr'><strong>sicut</strong></span> <span class='ocrx_word' id='word_1_182' title='bbox 597 3427 709 3500; x_wconf 87' lang='lat' dir='ltr'><strong>moris</strong></span> <span class='ocrx_word' id='word_1_183' title='bbox 726 3442 798 3518; x_wconf 90' lang='lat' dir='ltr'><strong>est,</strong></span> <span class='ocrx_word' id='word_1_184' title='bbox 816 3425 973 3499; x_wconf 77' lang='lat' dir='ltr'><strong>ecclesiae</strong></span> <span class='ocrx_word' id='word_1_185' title='bbox 989 3422 1150 3497; x_wconf 88' lang='lat' dir='ltr'><strong>Uticensi</strong></span> <span class='ocrx_word' id='word_1_186' title='bbox 1168 3420 1345 3520; x_wconf 81' lang='lat' dir='ltr'><strong>praesecit.</strong></span> 
     </span>
     <span class='ocr_line' id='line_1_30' title="bbox 275 3535 1348 3644; baseline -0.005 -32"><span class='ocrx_word' id='word_1_187' title='bbox 275 3541 413 3613; x_wconf 88' lang='lat' dir='ltr'><strong>Deinde</strong></span> <span class='ocrx_word' id='word_1_188' title='bbox 428 3543 661 3617; x_wconf 80' lang='lat' dir='ltr'><strong>buxeriensis</strong></span> <span class='ocrx_word' id='word_1_189' title='bbox 676 3545 863 3643; x_wconf 88' lang='lat' dir='ltr'><strong>episcopus</strong></span> <span class='ocrx_word' id='word_1_190' title='bbox 877 3544 983 3644; x_wconf 85' lang='lat' dir='ltr'><strong>Hugo</strong></span> <span class='ocrx_word' id='word_1_191' title='bbox 996 3543 1071 3640; x_wconf 79' lang='lat'><strong>(3),</strong></span> <span class='ocrx_word' id='word_1_192' title='bbox 1086 3564 1170 3612; x_wconf 87' lang='lat' dir='ltr'><strong>curn</strong></span> <span class='ocrx_word' id='word_1_193' title='bbox 1185 3535 1348 3610; x_wconf 85' lang='lat' dir='ltr'><strong>Osberno</strong></span> 
     </span>
    </p>
   </div>
   <div class='ocr_carea' id='block_1_5' title="bbox 279 3790 1351 4122">
    <p class='ocr_par' dir='ltr' id='par_1_5' title="bbox 282 3790 1349 3957">
     <span class='ocr_line' id='line_1_31' title="bbox 317 3790 1349 3864; baseline -0.003 -16"><span class='ocrx_word' id='word_1_194' title='bbox 317 3798 355 3864; x_wconf 85' lang='lat' dir='ltr'><strong>(t)</strong></span> <span class='ocrx_word' id='word_1_195' title='bbox 376 3794 538 3850; x_wconf 83' lang='lat' dir='ltr'><strong>Guillauuie</strong></span> <span class='ocrx_word' id='word_1_196' title='bbox 563 3798 632 3852; x_wconf 76' lang='lat' dir='ltr'><strong>ctait</strong></span> <span class='ocrx_word' id='word_1_197' title='bbox 651 3797 678 3851; x_wconf 94' lang='lat' dir='ltr'><strong>lc</strong></span> <span class='ocrx_word' id='word_1_198' title='bbox 700 3797 802 3851; x_wconf 75' lang='lat' dir='ltr'><strong>second</strong></span> <span class='ocrx_word' id='word_1_199' title='bbox 824 3799 873 3854; x_wconf 83' lang='lat' dir='ltr'><strong>des</strong></span> <span class='ocrx_word' id='word_1_200' title='bbox 898 3800 984 3855; x_wconf 67' lang='lat' dir='ltr'><strong>lri‘res</strong></span> <span class='ocrx_word' id='word_1_201' title='bbox 1006 3799 1122 3864; x_wconf 74' lang='lat' dir='ltr'><strong>Ginaia,</strong></span> <span class='ocrx_word' id='word_1_202' title='bbox 1145 3807 1175 3850; x_wconf 86' lang='lat' dir='ltr'><strong>et</strong></span> <span class='ocrx_word' id='word_1_203' title='bbox 1195 3794 1305 3849; x_wconf 83' lang='lat' dir='ltr'><strong>Robert</strong></span> <span class='ocrx_word' id='word_1_204' title='bbox 1326 3790 1349 3845; x_wconf 80' lang='lat' dir='ltr'><strong>te</strong></span> 
     </span>
     <span class='ocr_line' id='line_1_32' title="bbox 282 3885 1056 3957; baseline 0.009 -24"><span class='ocrx_word' id='word_1_205' title='bbox 282 3885 453 3957; x_wconf 75' lang='lat' dir='ltr'><strong>quatriime,</strong></span> <span class='ocrx_word' id='word_1_206' title='bbox 471 3903 579 3938; x_wconf 86' lang='lat' dir='ltr'><strong>comme</strong></span> <span class='ocrx_word' id='word_1_207' title='bbox 590 3904 660 3940; x_wconf 87' lang='lat' dir='ltr'><strong>nous</strong></span> <span class='ocrx_word' id='word_1_208' title='bbox 671 3885 696 3939; x_wconf 86' lang='lat' dir='ltr'><strong>le</strong></span> <span class='ocrx_word' id='word_1_209' title='bbox 709 3905 823 3941; x_wconf 74' lang='lat' dir='ltr'><strong>verrom</strong></span> <span class='ocrx_word' id='word_1_210' title='bbox 836 3890 1056 3942; x_wconf 80' lang='lat' dir='ltr'><strong>incessamment.</strong></span> 
     </span>
    </p>

    <p class='ocr_par' dir='ltr' id='par_1_6' title="bbox 279 3974 1351 4122">
     <span class='ocr_line' id='line_1_33' title="bbox 315 3974 1351 4045; baseline 0.006 -18"><span class='ocrx_word' id='word_1_211' title='bbox 315 3975 354 4045; x_wconf 76' lang='lat' dir='ltr'><strong>(a)</strong></span> <span class='ocrx_word' id='word_1_212' title='bbox 377 3974 491 4029; x_wconf 81' lang='lat' dir='ltr'><strong>Tlrierri</strong></span> <span class='ocrx_word' id='word_1_213' title='bbox 514 3974 550 4032; x_wconf 82' lang='lat' dir='ltr'><strong>de</strong></span> <span class='ocrx_word' id='word_1_214' title='bbox 571 3976 746 4044; x_wconf 74' lang='lat' dir='ltr'><strong>thionville,</strong></span> <span class='ocrx_word' id='word_1_215' title='bbox 769 3982 804 4032; x_wconf 81' lang='lat' dir='ltr'><strong>nri</strong></span> <span class='ocrx_word' id='word_1_216' title='bbox 815 3980 883 4033; x_wconf 77' lang='lat' dir='ltr'><strong>(laras</strong></span> <span class='ocrx_word' id='word_1_217' title='bbox 896 3979 920 4032; x_wconf 84' lang='lat' dir='ltr'><strong>ln</strong></span> <span class='ocrx_word' id='word_1_218' title='bbox 939 3995 1089 4032; x_wconf 79' lang='lat' dir='ltr'><strong>corututmc</strong></span> <span class='ocrx_word' id='word_1_219' title='bbox 1101 3974 1136 4028; x_wconf 82' lang='lat' dir='ltr'><strong>de</strong></span> <span class='ocrx_word' id='word_1_220' title='bbox 1149 3992 1180 4027; x_wconf 82' lang='lat' dir='ltr'><strong>ce</strong></span> <span class='ocrx_word' id='word_1_221' title='bbox 1195 3989 1261 4025; x_wconf 66' lang='lat'>¹¹⁰⁰]</span> <span class='ocrx_word' id='word_1_222' title='bbox 1276 3980 1351 4026; x_wconf 63' lang='lat' dir='ltr'>0¹¹2st</span> 
     </span>
     <span class='ocr_line' id='line_1_34' title="bbox 279 4063 607 4122; baseline 0.009 -3"><span class='ocrx_word' id='word_1_223' title='bbox 279 4063 379 4119; x_wconf 78' lang='lat' dir='ltr'><strong>Rauen</strong></span> <span class='ocrx_word' id='word_1_224' title='bbox 394 4075 423 4119; x_wconf 87' lang='lat' dir='ltr'><strong>et</strong></span> <span class='ocrx_word' id='word_1_225' title='bbox 434 4064 607 4122; x_wconf 76' lang='lat' dir='ltr'><strong>Neuicldtel.</strong></span> 
     </span>
    </p>
   </div>
   <div class='ocr_carea' id='block_1_6' title="bbox 312 4150 1342 4236">
    <p class='ocr_par' dir='ltr' id='par_1_7' title="bbox 312 4150 1342 4236">
     <span class='ocr_line' id='line_1_35' title="bbox 312 4150 1342 4236; baseline -0.014 -19"><span class='ocrx_word' id='word_1_226' title='bbox 312 4152 351 4226; x_wconf 80' lang='lat'><strong>(3)</strong></span> <span class='ocrx_word' id='word_1_227' title='bbox 365 4156 481 4230; x_wconf 74' lang='lat' dir='ltr'><strong>Huguet</strong></span> <span class='ocrx_word' id='word_1_228' title='bbox 492 4157 572 4228; x_wconf 64' lang='lat' dir='ltr'><strong>elliu,</strong></span> <span class='ocrx_word' id='word_1_229' title='bbox 587 4161 690 4236; x_wconf 71' lang='lat' dir='ltr'><strong>eaeque</strong></span> <span class='ocrx_word' id='word_1_230' title='bbox 701 4160 735 4216; x_wconf 87' lang='lat' dir='ltr'><strong>de</strong></span> <span class='ocrx_word' id='word_1_231' title='bbox 747 4162 863 4229; x_wconf 72' lang='lat' dir='ltr'><strong>lisinas,</strong></span> <span class='ocrx_word' id='word_1_232' title='bbox 877 4159 975 4235; x_wconf 78' lang='lat' dir='ltr'><strong>depuis</strong></span> <span class='ocrx_word' id='word_1_233' title='bbox 992 4165 1059 4233; x_wconf 66' lang='lat'><strong>¹⁰49</strong></span> <span class='ocrx_word' id='word_1_234' title='bbox 1067 4156 1197 4233; x_wconf 84' lang='lat' dir='ltr'><strong>jusqu&#39;au</strong></span> <span class='ocrx_word' id='word_1_235' title='bbox 1214 4150 1342 4228; x_wconf 71' lang='lat' dir='ltr'><strong>iyjuillet</strong></span> 
     </span>
    </p>
   </div>
   <div class='ocr_carea' id='block_1_7' title="bbox 0 0 1409 5094">
    <p class='ocr_par' dir='ltr' id='par_1_8' title="bbox 0 0 1409 5094">
     <span class='ocr_line' id='line_1_36' title="bbox 0 0 1409 5094; baseline 0 0"><span class='ocrx_word' id='word_1_236' title='bbox 0 0 1409 5094; x_wconf 95' lang='lat' dir='ltr'><strong> </strong></span> 
     </span>
    </p>
   </div>
  </div>
 </body>
</html>
