2768 5094
153 389 194 448 60
429 383 612 444 HISTORIA
635 382 937 443 ucetssstasttcn.
1009 384 1216 463 [rototoso]

153 503 354 575 cumomni
375 501 507 573 familia
531 528 593 574 sua
613 500 848 575 amicabiliter
870 500 1022 574 habitus.
1042 502 1136 576 Viso
1161 504 1219 575 ita·

152 644 224 718 que
237 616 396 691 Fulcone
408 617 606 707 monacho,
622 617 794 692 beneficia
811 616 993 692 beneficiis
1008 643 1219 718 reeompen

153 760 229 807 sare
248 733 376 805 soluit.
397 734 465 807 Sed
485 735 568 834 quia
584 739 659 834 jam
678 735 829 834 longum
853 752 992 834 tempus
1011 735 1217 822 effluxerat,

154 867 191 925 et
207 849 448 926 Anscbetillus
465 880 504 928 ea
519 880 601 954 quae
618 851 803 953 repetebat
821 855 1033 953 insipienter
1048 851 1219 952 deposue-

153 984 232 1058 rat,
249 972 310 1042 vix
325 973 448 1069 potuit
460 998 670 1071 recuperare
686 998 795 1071 pauca
811 989 847 1045 ct
863 971 989 1045 viliora
1003 997 1047 1044 ex
1066 969 1220 1071 hisquae

155 1085 192 1156 in
211 1085 338 1183 Apulia
360 1104 572 1187 susceperat.
595 1087 750 1161 Calicem
766 1086 993 1159 solummodo
1009 1101 1220 1185 argenteum

154 1215 191 1273 et
220 1202 307 1274 duas
337 1203 490 1291 casulas,
519 1203 736 1304 dentemque
761 1202 957 1302 elephantis
984 1218 1021 1275 et
1047 1202 1220 1303 ungulam

154 1317 320 1419 gryphis,
335 1346 417 1392 cum
431 1321 508 1393 aliis
525 1320 738 1423 quibusdam
755 1320 862 1394 rebus
880 1319 1070 1392 difficulter
1088 1322 1218 1421 exegit.

154 1436 291 1511 Deinde
313 1439 501 1529 monachi,
528 1439 758 1512 consideratis
779 1438 965 1510 fraudibus
984 1436 1220 1524 Anscbetilli,

156 1672 328 1745 llicardus
342 1674 387 1748 de
399 1673 567 1747 Abrincis
585 1675 678 1747 lilius
692 1675 855 1748 Turstini
875 1675 949 1772 (r),
966 1673 1100 1773 aliique
1117 1672 1221 1745 multi

153 1815 319 1888 proceres
336 1791 380 1863 ad
398 1792 638 1890 adjuvandum
657 1820 740 1866 eum
756 1792 920 1865 fuerunt.
948 1790 1016 1865 Sed
1036 1789 1222 1864 monacbis

154 1904 418 1979 rationabiliter
439 1906 764 2008 conquerentibus,
783 1912 882 2005 justo
895 1904 1033 2004 judicio
1050 1905 1222 1978 determi-

156 2039 279 2094 natum
293 2039 346 2097 est
360 2041 402 2096 ut
413 2052 559 2100 ornnem
571 2026 736 2114 feudum,
752 2052 861 2127 quem
876 2027 949 2123 ipse
960 2023 1003 2096 de
1014 2026 1052 2096 S.
1066 2023 1221 2097 Ebrullo

155 2140 312 2230 tenebat,
329 2145 525 2218 amitteret.
538 2143 698 2218 Tandem
712 2141 941 2216 suadentibus
954 2142 1076 2214 amicis
1091 2144 1222 2213 utrius

154 2283 225 2357 quc
247 2262 358 2357 partis
379 2261 570 2333 concordia
589 2261 668 2333 talis
689 2260 779 2332 sacta
799 2277 864 2334 est.
884 2258 1127 2333 Anscbetillus
1145 2285 1222 2331 rea·

65 2444 71 2455 ,
156 2389 233 2445 tum
252 2403 355 2448 suum
377 2377 492 2477 palam
514 2377 695 2450 consessus
718 2377 962 2449 vadimonium
988 2374 1109 2447 abbati
1129 2377 1220 2448 Teo-

155 2488 277 2562 derico
299 2490 417 2581 dedit,
436 2492 620 2566 monachis
647 2510 688 2564 ut
712 2494 765 2564 sui
791 2495 1045 2566 misererentur
1072 2489 1223 2562 bumili-

158 2622 213 2678 ter
226 2609 458 2706 supplicavit;
474 2627 510 2683 et
522 2636 590 2710 pro
611 2611 943 2711 recompensatione
959 2608 1105 2694 damni,
1124 2608 1222 2708 quod

157 2721 225 2795 illis
248 2751 313 2821 per
340 2726 514 2826 ignaviam
540 2753 640 2798 suam
661 2727 811 2814 lecerat,
826 2725 1004 2799 Uticensis
1023 2722 1129 2824 burgi
1156 2738 1223 2796 ter·

156 2841 242 2913 tiam
259 2858 416 2941 partem,
436 2872 544 2946 quam
562 2871 605 2919 ex
628 2862 776 2945 paterna
797 2844 1004 2917 haereditate
1028 2839 1221 2932 babuerat,

155 2959 190 3031 S.
201 2958 357 3035 Ebrulfo
371 2989 492 3037 coram
506 2964 630 3037 multis
643 2964 790 3037 testibus
803 2963 997 3046 concessit;
1011 2976 1047 3033 et
1060 2956 1224 3033 donatio·

155 3100 240 3147 nem
257 3103 321 3174 per
339 3102 448 3150 unam
466 3080 595 3178 pollam
612 3108 655 3155 ex
671 3083 786 3155 serico
796 3134 806 3167 ,
827 3076 922 3152 unde
939 3104 1047 3175 cappa
1065 3077 1223 3149 cantoris

155 3192 246 3265 lacta
265 3212 340 3280 est,
360 3222 467 3294 super
485 3198 594 3272 altare
620 3200 752 3299 posuit.
771 3195 939 3269 Monnclri
965 3195 1075 3293 igitur
1092 3195 1223 3292 pietate

158 3315 247 3384 moti
266 3329 380 3386 errata
402 3341 462 3386 sua
479 3315 675 3391 clementer
698 3317 728 3389 ei
753 3313 1000 3398 indulserunt,
1023 3326 1059 3383 et
1075 3337 1222 3384 omnem

156 3429 337 3530 reliquum
356 3428 504 3504 feudum
525 3461 650 3521 suum,
672 3448 806 3533 praeter
824 3413 892 3503 boc
907 3429 1007 3530 quod
1021 3429 1223 3502 amicorum

155 3549 384 3644 persuasione
406 3548 609 3637 obtulerat,
632 3550 839 3650 benigniter
863 3549 1116 3647 permiserunt.
1147 3548 1225 3646 lpse.

156 3685 232 3734 non
250 3662 367 3734 multo
383 3680 465 3762 post
486 3664 653 3763 Apuliam
670 3666 839 3765 expetiit,
861 3663 982 3763 ibique
1000 3663 1137 3734 occisus
1155 3676 1222 3734 est.

206 3778 387 3877 Antiquus
405 3779 516 3853 bostis
534 3807 731 3881 numquam
750 3795 860 3856 cessat
879 3778 1046 3852 Ecclesiae
1064 3778 1224 3877 quietem

221 3962 289 3970 ·---
319 3965 327 3970 ·
379 3967 445 3973 —-...
462 3968 581 3976 ..ι-...-
591 3967 925 3977 --m--en—-m-v-
933 3965 1231 3974 ——-·——-—-————--

189 4077 228 4141 (r)
247 4073 381 4137 llicliard,
398 4078 514 4130 iicomtc
528 4076 731 4140 ‹l’rlrranclrrs,
748 4075 789 4129 lile
803 4074 838 4127 dc
858 4074 992 4127 Tonstain
1013 4071 1087 4137 Gor,
1106 4092 1223 4140 gorrici·-

159 4182 227 4216 nrur
237 4163 373 4229 ‹t'tinn‹,=.·,
387 4177 411 4218 rt
425 4169 489 4239 pire
503 4167 537 4221 ‹lc
554 4167 681 4236 llugucs,
698 4175 788 4221 comte
803 4163 836 4218 de
850 4163 977 4216 illuster.
