2768 5094
341 418 660 499 errenounuus.
980 428 1041 489 sse

140 539 281 611 enitenti
290 538 492 639 benigniter
497 569 624 643 poree.
637 542 708 615 Pro
719 541 800 615 filiis
808 557 844 616 et
853 542 1040 637 iratribus,

140 682 217 756 oue
234 656 324 745 suis,
346 658 407 757 qui
428 685 510 731 cum
528 657 714 733 ttodberto
730 659 943 749 exulabant,
963 678 1042 733 tur-

140 773 264 846 imaro
285 772 436 848 sollicite
452 801 572 874 regem
596 774 884 878 interpellabant.
904 775 1042 872 Quibus

140 889 241 964 ondit
260 922 268 961 ε
285 892 400 963 Minor
411 893 512 991 quod
524 909 709 994 tantopere
718 920 789 995 pro
797 894 940 995 perfido
953 921 1043 995 sup·

153 1006 315 1095 lemine,
334 1010 400 1106 qui
418 1012 521 1103 nefas
545 1010 749 1082 inauditum
770 1011 809 1081 in
832 1036 943 1109 regno
964 1036 1043 1083 meo

140 1139 182 1195 rst
208 1126 378 1224 incipere.
412 1123 606 1197 intestinos
635 1124 804 1197 tumultus
836 1142 961 1197 eontra
988 1152 1045 1196 me

140 1240 174 1311 it
184 1272 201 1325 ;
232 1244 361 1313 tirones
387 1265 480 1313 meos
490 1297 503 1330 ,
537 1268 627 1340 quos
658 1242 737 1315 alui
766 1259 800 1314 et
828 1241 1044 1315 militaribus

140 1355 315 1446 iecorani,
353 1356 523 1428 obduxit.
557 1358 755 1459 Hngonem
785 1356 833 1431 de
867 1358 1044 1432 cortello-

140 1474 189 1567 r),
216 1473 379 1571 aliosque
393 1474 603 1568 forinsecos
628 1474 743 1549 ltostes
770 1474 932 1573 undique
955 1474 1046 1547 milri

140 1592 196 1659 rit.
226 1590 319 1686 Quis
343 1614 390 1659 ee
414 1589 699 1663 antecessoribus
723 1591 859 1663 meisa
886 1606 1044 1691 tempore

140 1733 144 1747 ·
166 1705 273 1777 telem
288 1730 455 1807 pugnarn
480 1732 504 1777 o
525 1705 649 1779 sobole
670 1732 739 1779 sun
756 1732 948 1806 perpessus
968 1721 1041 1787 est,

161 1821 395 1895 Guillelrnnm
415 1824 544 1921 magni
562 1821 730 1895 Rollonis
746 1822 890 1923 filium,
913 1838 947 1893 et
973 1838 1042 1893 tres

140 1966 162 2010 u
184 1936 296 2012 duces
316 1938 573 2026 Normonnioe,
596 1938 853 2038 dominumque
874 1962 991 2009 meum
1009 1953 1043 2007 et

140 2054 353 2127 Rodbertrrm
370 2055 617 2141 considerate,
636 2072 671 2125 et
690 2053 810 2125 uidete
825 2079 934 2153 quom
942 2052 1042 2153 fide·

140 2173 146 2239 i
154 2172 325 2273 potn'bns
341 2176 417 2244 suis
434 2197 547 2271 nsque
562 2170 617 2241 od
630 2187 778 2243 mortem
793 2171 954 2241 serviere.
970 2169 1044 2241 Iste

140 2314 156 2359 r
189 2288 372 2360 Neustn're
403 2303 437 2358 et
468 2287 675 2359 comitatum
710 2286 1040 2359 Cenomnnnensem

140 2400 235 2497 serre
255 2406 399 2503 sategit.
431 2401 562 2475 Gallos
583 2420 618 2474 et
634 2402 934 2500 Andegovenses,
958 2426 1041 2473 eum

140 2521 180 2591 ris
197 2537 231 2590 et
251 2522 446 2591 innumeris
459 2519 563 2605 eliis,
589 2523 628 2590 in
644 2544 701 2591 me
716 2518 920 2591 terribiliter
934 2520 1040 2589 etei·

140 2660 177 2705 ne
194 2662 309 2733 genus
330 2632 549 2722 immanem,
568 2637 604 2705 si
619 2644 814 2732 potuisset,
839 2648 964 2706 contro
985 2658 1041 2703 rne

140 2753 242 2840 isset,
262 2770 296 2823 et
313 2779 369 2823 rne
388 2752 572 2823 nobiscnm
585 2750 815 2823 trucidasset.
831 2748 1039 2822 Secundum

157 2868 270 2965 legem
282 2895 354 2970 per
369 2870 523 2965 Meysen
541 2866 668 2938 dotum
685 2868 808 2939 mortis
823 2892 904 2939 neus
920 2883 990 2953 est,
1006 2884 1040 2937 et

140 2986 228 3057 nilis
243 2985 434 3071 Absnlonr,
447 2984 537 3085 pori
549 3010 636 3056 neee
651 2982 883 3055 muletandus
898 2999 961 3054 est.

140 3101 222 3171 renti
248 3100 431 3199 colloquio
458 3097 691 3172 Noemonnici
724 3122 889 3196 proceres
917 3124 1037 3197 regem

147 3234 253 3303 sunt5
281 3234 316 3289 et
339 3216 433 3289 dulci
452 3216 578 3303 allatu,
597 3212 833 3315 precibusque
850 3240 1036 3287 rancorem

140 3334 237 3407 sture
260 3336 377 3407 eonati
401 3350 497 3406 suut.
522 3333 707 3432 Episcopi,
727 3331 859 3431 aliique
883 3330 1036 3431 religiosi

140 3452 192 3522 nis
205 3449 429 3525 sermonibus
442 3449 611 3521 duritiam
626 3445 753 3521 tumidi
771 3446 889 3519 condis
906 3448 1039 3519 contri·

140 3632 397 3643 ιο-.-.---.-...-.
766 3630 809 3639 ι-
821 3630 890 3639 -—

140 3730 266 3783 nanneni
274 3748 307 3783 en
319 3730 483 3783 Tirinreruis.
495 3728 587 3801 t'oyee
599 3727 748 3791 cisimus,
761 3728 827 3782 lien·
837 3744 874 3791 ιν,
891 3746 917 3799 p.
929 3727 990 3801 29⁶
999 3730 1039 3783 (le

141 3835 173 3871 ns
187 3819 400 3874 contumetiam
412 3820 611 3893 l'opiuionque
624 3820 648 3873 la
661 3816 783 3893 querelle
798 3818 868 3872 avait
880 3824 1040 3873 mosminse

144 3909 274 3962 'mennon
285 3909 320 3961 «le
332 3910 356 3963 la
370 3910 504 3962 ninii-nise
515 3908 688 3981 plainnterie
700 3908 736 3962 de
744 3906 1039 3963 autunum-tottam

144 4002 166 4051 ri
187 4018 283 4051 vnn-rs
302 4000 360 4051 leur·
380 4002 451 4053 irc-r·-
468 4002 544 4059 aine.
558 4010 584 4051 et
604 4000 670 4072 qrr'rl
689 4000 755 4054 n’est
776 4002 860 4067 enine
873 3998 991 4070 innuite
1005 3999 1038 4051 rir-

140 4103 298 4141 enitenti-nt
312 4108 388 4143 sisne
402 4101 480 4143 autre
490 4108 597 4159 ιΊκκμιι·
612 4107 666 4159 qne
680 4087 747 4143 «lens
759 4088 821 4141 l'ete
837 4107 871 4140 nn
890 4087 1040 4141 l'nrtotnnu
