2768 5094
154 365 195 427 62
429 355 614 417 HISTORIA
634 352 935 416 Etcttstssrlcs.
1010 358 1217 438 [toto-tots]

152 480 258 554 bium
282 477 372 551 illud
396 474 631 562 fundaverat,
656 487 693 545 et
715 472 874 546 collectis
900 472 1161 578 undecumque
1180 477 1219 550 ad

155 597 294 672 cultum
314 595 378 668 Dei
397 590 587 680 fratribus,
609 590 845 690 subsidiisque
862 592 1068 666 necessariis
1085 618 1219 694 pmcn-

155 717 242 790 ratis
258 712 450 800 ditaverat,
470 709 551 784 idco
568 708 740 810 regularis
755 707 954 809 disciplinas
974 711 1067 811 jugo
1089 711 1131 784 in
1153 738 1220 787 no-

156 831 245 908 vella
261 830 371 904 domo
394 828 551 904 ooe‘rceri
574 853 651 901 non
671 840 828 926 poterat.
852 827 1078 927 Frequenter
1104 828 1220 930 itaque

156 947 249 1048 patri
267 972 332 1020 suo
351 943 442 1017 clam
460 941 688 1031 detrahebat,
709 967 753 1016 eo
772 942 871 1043 quod
890 942 964 1041 ipse
983 942 1040 1013 vir
1056 942 1125 1016 Dei
1144 944 1221 1043 plus

156 1060 402 1164 spiritualibus
429 1086 538 1160 quam
565 1057 793 1131 saecularibus
816 1060 968 1158 negotiis
996 1059 1219 1134 intendebat.

157 1179 443 1277 Nonnumquam
460 1189 582 1273 aperte
604 1200 687 1246 cum
703 1199 746 1248 co
765 1173 948 1274 litigabat,
972 1187 1010 1247 et
1028 1175 1222 1248 nonnullas

159 1302 234 1398 ejus
259 1295 535 1371 constitutiones
557 1291 602 1366 de
623 1290 731 1366 rebus
752 1290 990 1366 exterioribus
1009 1293 1224 1392 simpliciter

159 1414 268 1489 facus
294 1409 535 1511 vituperabat.
564 1408 669 1484 Unde
696 1435 817 1484 servus
844 1411 909 1484 Dei
937 1410 1157 1512 plerumque
1183 1411 1224 1485 ad

161 1530 326 1630 sagiense
343 1526 483 1628 asylum
498 1523 704 1613 secedebat,
724 1524 845 1626 ibique
862 1552 923 1599 sex
938 1525 995 1598 rel
1011 1541 1100 1600 octo
1119 1527 1225 1626 septi-

161 1647 276 1725 nanis
292 1642 499 1732 habitabat,
518 1661 554 1717 et
571 1644 610 1715 in
627 1668 712 1743 pace
728 1667 819 1741 opus
835 1642 900 1715 Dei
917 1641 1089 1732 faciebat,
1110 1642 1225 1718 bomi-

161 1788 323 1862 numque
337 1761 488 1834 salntem
504 1786 571 1861 pro
587 1786 689 1860 posse
705 1785 772 1833 suo
788 1759 980 1861 diligenter
991 1759 1222 1860 procurabat.

161 1879 220 1954 Sic
235 1878 442 1980 expectabat
458 1877 750 1952 emendationem
761 1878 1013 1952 contumeliosi
1028 1878 1174 1968 fratris,
1191 1894 1226 1953 et

163 1995 335 2097 implebat
356 1997 509 2097 apostoli
534 2014 757 2096 praeoeptum
782 1996 961 2072 dicentis:
983 1998 1084 2071 Date
1106 1999 1225 2073 locam

163 2116 227 2190 ina
251 2115 318 2214 (ι).
348 2113 417 2188 Sed
446 2130 643 2214 >postquam
673 2138 862 2187 rancorem
891 2128 928 2188 et
958 2113 1121 2188 scandala
1152 2139 1224 2188 non

162 2231 336 2319 delicere,
368 2229 428 2304 sed
457 2232 568 2331 magis
602 2229 645 2303 ad
675 2229 890 2304 detrimenta
918 2229 1076 2303 fratrum
1106 2232 1224 2332 augeri

162 2349 362 2448 perspexit,
379 2346 575 2422 Willermo
592 2348 673 2421 duci
693 2347 990 2438 Narmannorum
1012 2349 1227 2448 pastoralem

163 2462 332 2538 bemilam
349 2488 431 2537 cum
448 2478 521 2538 tota
539 2461 678 2536 abbatia
695 2464 842 2538 reddere
860 2465 987 2539 voluit.
1007 2467 1093 2540 Dux
1108 2482 1228 2542 samm

165 2579 277 2679 sagaci
297 2605 380 2651 usus
401 2578 575 2666 consilio,
599 2605 746 2653 omnem
763 2578 868 2682 hujus
887 2581 938 2654 rei
960 2579 1228 2658 ordinationem

166 2696 324 2795 injunxit
345 2695 513 2769 Maurilio
535 2697 853 2798 Rotomagensium
875 2699 1165 2800 archiepiscopo,
1191 2715 1230 2772 ut

165 2841 304 2889 causam
323 2814 553 2889 dissentionis
570 2815 721 2891 sollicite
738 2815 941 2918 indagaret,
961 2831 998 2890 et
1013 2816 1104 2917 quid
1119 2844 1230 2919 agen-

164 2931 253 3006 dum
269 2948 359 3007 esset
375 2958 457 3004 cum
475 2933 627 3007 consilio
644 2934 845 3032 sapientum
860 2950 958 3008 recte
972 2933 1156 3009 deliniret.

216 3051 327 3121 Anno
362 3049 482 3147 itaque
518 3047 710 3122 dominicae
745 3051 1000 3125 incarnationis
1033 3064 1136 3126 nrm⁹
1174 3054 1230 3125 in-

166 3164 253 3238 dict.
273 3175 355 3238 vrn·
372 3162 550 3239 residente
575 3165 613 3238 in
634 3165 714 3239 sede
735 3168 928 3267 apostolica
946 3167 1094 3243 Victore
1117 3196 1227 3270 papa,

167 3283 341 3359 llenricus
356 3297 599 3383 cognomento
612 3288 732 3359 Bonis
747 3284 946 3385 Imperator
959 3287 1227 3373 Romanorum,

167 3400 262 3476 filius
274 3401 434 3476 Cononis
446 3400 685 3502 imperatoris,
700 3400 807 3491 obiit,
822 3403 929 3504 eique
942 3404 1119 3477 Hearicus
1135 3402 1230 3479 lilius

167 3521 242 3619 ejus
274 3520 441 3593 successit
476 3532 512 3593 et
544 3518 647 3592 annis
675 3520 934 3622 qninquaginta
964 3522 1128 3621 regnavit
1154 3520 1172 3618 (
1196 3522 1228 3618 )

166 3634 301 3710 Eodem
325 3661 423 3711 anno
445 3634 632 3709 lllaurilius
658 3637 863 3737 episcopus,
889 3652 927 3713 et
949 3634 1143 3712 Fulbertns
1168 3662 1231 3714 so·

203 3953 243 4112 lli
255 3951 476 4108 liliblixlll,¹lils
490 4039 525 4094 de
537 4040 649 4097 Conrad
659 4053 688 4097 ct
702 4062 759 4098 non
772 4043 807 4098 de
817 4043 928 4110 Conon,
947 4054 1062 4100 mourut
1078 4062 1113 4098 en
1127 4043 1192 4100 ell'et
1204 4043 1230 4099 le

169 4133 185 4187 5
198 4130 311 4186 octobre
336 4126 410 4184 1056.
425 4129 481 4185 Son
497 4128 555 4198 fils,
569 4129 656 4185 Henri
671 4132 730 4196 lt',
750 4134 789 4190 lui
808 4133 923 4189 sncce'da
935 4134 961 4189 le
974 4135 1063 4190 meme
1073 4133 1140 4204 joar
1151 4145 1180 4190 et
1196 4153 1231 4190 ne
