2768 5094
276 393 334 452 37⁴
553 393 735 455 HISTORIA
758 394 1063 455 ECCLESIASTICA.

415 513 438 563 Α
453 513 547 582 genito
560 512 669 580 Verbo,
684 514 804 569 contrito
817 531 883 586 rege
895 513 1028 586 superbo,

416 598 571 672 Anglornm
583 610 661 655 meta
673 601 778 656 crinem
793 618 902 657 sensere
916 611 1028 657 cometa
1037 603 1088 671 (ι).

278 759 318 829 in
345 759 422 856 ipso
439 784 536 833 anno
560 759 760 832 Seniacium
784 758 948 858 praelium
970 757 1107 830 factum
1131 773 1209 847 est,
1231 772 1267 831 et
1281 785 1333 857 pe·

279 892 420 977 rempto
430 877 598 965 Hcraldo,
614 877 826 951 Guiilelmus
840 885 883 948 11⁰
897 876 975 949 idus
984 874 1148 950 octobris
1162 875 1335 977 triumpho

276 995 413 1091 potitus
427 1010 495 1083 est,
511 1012 547 1067 et
563 994 600 1067 in
613 995 671 1069 die
688 995 796 1067 natali
815 995 965 1069 Domini
982 1021 1046 1067 rex
1064 1010 1265 1071 coronatus
1278 1014 1333 1069 est

278 1163 320 1228 45.
416 1163 535 1235 Pervigil
548 1164 661 1218 antistes
675 1165 704 1219 in
716 1161 813 1219 eadem
825 1161 902 1229 sede,
916 1163 1056 1219 iohannes

416 1254 497 1327 Iagis
511 1253 664 1327 apostolice
678 1251 786 1309 studuit
798 1252 965 1309 dommenu
975 1263 1083 1309 nume.

276 1403 343 1473 Hic
357 1400 452 1474 filius
464 1403 603 1477 Radulfi
618 1405 827 1504 Bajocarum
845 1408 1008 1495 comitis,
1023 1406 1158 1506 prsesul
1172 1404 1338 1479 Abrinos

278 1521 386 1592 tensis
409 1521 565 1594 ecclcsiae
583 1521 675 1609 fuit,
696 1537 732 1595 et
756 1522 839 1596 inde
858 1522 902 1594 ad
922 1521 1273 1622 archiepiscopatum
1292 1549 1340 1594 as·

277 1652 457 1736 sumptus,
476 1666 499 1710 x
515 1640 631 1725 annis,
653 1655 817 1737 tempore
831 1638 1023 1712 Alexandri
1038 1656 1074 1713 et
1089 1638 1262 1740 Gregorii
1273 1638 1339 1711 vn·

277 1783 468 1855 paparum,
491 1756 658 1855 claruit(
684 1759 710 1855 ).

278 1923 320 1988 26.
417 1925 483 1979 Post
495 1924 571 1979 hunc
584 1923 766 1991 Guillelmus,
781 1927 823 1980 sir
838 1924 939 1979 nobilis
950 1937 1033 2001 atque
1045 1927 1200 2000 benignus,

417 2014 562 2070 Catholioe
573 2015 681 2088 plebem
695 2018 823 2072 tractavit
836 2016 1067 2090 Rotomagcnsem
1077 2015 1126 2088 (5).

276 2172 343 2243 Hic
354 2170 529 2243 secundus
541 2170 770 2246 cadomensis
783 2170 891 2243 abbas
904 2170 988 2259 fuit,
1002 2171 1132 2246 etinde
1145 2185 1296 2259 tractus,
1307 2171 1338 2242 in

275 2288 582 2387 archiepiscopatu
595 2313 697 2361 xxxn
711 2290 832 2374 anuis,
850 2305 1011 2388 tempore
1022 2288 1216 2389 Gregorii,
1229 2289 1339 2365 Victo

276 2406 346 2489 ris,
367 2401 506 2476 Urbani
525 2418 562 2477 et
580 2403 753 2477 Pascbalis
770 2430 964 2503 paparum,
983 2403 1122 2479 floruit.
1144 2405 1225 2502 lpse
1246 2402 1338 2477 Guii·

279 2519 427 2591 lelmum
451 2546 571 2620 regem
595 2535 632 2592 et
653 2519 865 2593 Mathildem
891 2522 1053 2621 reginam
1072 2519 1224 2593 Cadomi
1247 2546 1339 2619 sepe·

280 2634 380 2720 iivit3
396 2650 432 2707 et
446 2634 541 2706 filius
552 2660 679 2707 corum
694 2633 900 2709 Radbertus
913 2636 1083 2709 ducatum
1093 2635 1336 2719 Normannia,

279 2767 315 2823 et
331 2750 545 2824 Guilielmus
563 2778 715 2853 regnum
729 2752 870 2851 nngtiae
887 2751 1062 2825 obtinuit.

330 2867 439 2942 Anno
457 2867 502 2940 ab
521 2870 768 2942 incarnatione
788 2869 935 2942 Domini
955 2880 994 2940 ιο
1012 2878 1073 2940 xc⁰
1093 2873 1130 2939 v⁰
1151 2869 1290 2941 siccitas
1309 2882 1337 2939 et

280 2986 477 3058 mortalitas
494 2985 684 3059 hominum
700 2985 868 3071 fuerunt,
888 3000 926 3059 et
941 2984 1054 3057 steilae
1068 2983 1225 3084 quadam
1242 2999 1340 3057 nocte¹

281 3103 362 3173 maii
381 3102 511 3174 mensis
531 3099 575 3172 dc
594 3101 691 3173 coelo
710 3099 834 3175 cadere
851 3102 937 3176 visae
955 3116 1050 3174 sunt.
1073 3097 1245 3174 Urbanus
1261 3126 1341 3199 papa

317 3390 355 3457 (r)
374 3386 426 3442 Ces
445 3403 505 3440 vers
518 3383 647 3441 diflbrcut
664 3383 699 3438 dc
716 3383 742 3437 ia
760 3383 838 3456 iccon
859 3382 885 3438 ia
903 3382 965 3456 pius
978 3381 1132 3456 mpandue,
1154 3384 1204 3457 qui
1222 3392 1266 3437 est
1281 3384 1341 3436 uass

282 3496 385 3529 (ὌΙῊΊΚι
402 3502 405 3507 “

445 3583 512 3626 Am
525 3577 616 3625 mitono
630 3594 743 3639 sexageno
755 3593 843 3640 qaoque
853 3591 906 3622 serso

445 3660 569 3721 Anglom
582 3673 646 3705 mete
657 3661 738 3704 mmm
748 3675 837 3704 semem
849 3670 946 3704 comm.

317 3787 355 3851 rr)
374 3783 466 3854 Vuycz
480 3780 630 3847 cidenas,
647 3798 715 3852 page
732 3777 797 3848 διδ,
813 3790 980 3835 construant
995 3779 1122 3851 l’cpoque
1138 3789 1168 3833 ct
1180 3778 1206 3835 ia
1218 3774 1343 3834 domae

283 3873 441 3944 i'ripiscopat
452 3871 486 3925 dc
501 3873 566 3926 ican
578 3870 771 3926 d’Avrauchcs.

317 3960 357 4029 (3)
375 3959 732 4016 ouitlaunse-Bonne-Aue
745 3962 850 4030 (juillet
869 3980 966 4036 ¹⁰79n
978 3961 1076 4016 tetrior
1093 3980 1100 4012 ι
1111 3979 1117 4011 ι
1128 3961 1179 4027 ιο).
1199 3958 1289 4027 Voyea
1302 3974 1342 4010 sur

283 4074 312 4103 cc
327 4052 427 4124 pruiat,
444 4069 525 4122 patres
535 4055 568 4114 ii
582 4062 608 4101 ct
621 4049 670 4113 312
687 4050 828 4105 nuestus.
