2768 5094
10 253 271 334 rnorsrmo]
434 253 779 330 nrnsnouunrus.¹
1070 265 1126 325 nr

10 406 19 442 .-
57 400 259 476 ronymns,
279 375 412 475 aliique
429 373 515 474 legis
532 392 568 448 et
588 375 712 474 gratiss
733 378 954 476 expositores
976 380 1014 453 in
1034 407 1130 456 mern

10 525 16 559 ι
57 492 204 589 pagina.
221 489 373 564 Athenae
388 491 534 590 qnando
550 491 747 565 incolumes
761 493 953 582 llorebant,
970 510 1006 568 et
1019 499 1132 572 excel·

59 607 269 680 lentissimae
292 608 335 681 ad
354 608 637 707 praecipiendum
659 608 849 696 sedebant,
872 612 1073 688 basileanco
1093 618 1130 691 in

58 726 163 796 omni
189 750 319 824 genere
345 725 563 825 eloquentiae
587 741 649 796 sut
679 726 950 826 disciplinarum
976 755 1134 833 asaruge·

58 856 165 927 rent,
186 857 222 913 et
240 843 417 940 perceptis
440 839 485 912 ab
505 868 548 915 eo
570 843 769 916 commodis
789 844 1061 943 allegationibus
1079 851 1135 923 in·

57 958 151 1028 strui
178 972 365 1057 cuperent.
392 957 579 1031 Studiosns
599 958 671 1029 fuit
695 958 788 1031 idem
811 960 997 1034 coenobita
1016 963 1135 1063 gladio

58 1068 162 1145 verbi
193 1074 368 1172 perimere
391 1089 520 1160 scetus,
549 1075 576 1145 si
604 1100 687 1176 quae
715 1074 820 1148 iidem
846 1077 1059 1153 lacesserent
1081 1106 1137 1154 ca·

60 1191 248 1264 tbolioam.
268 1191 438 1265 Profecto
456 1193 713 1290 Berengerium
731 1194 979 1268 Turonensem
1004 1200 1020 1295 (
1027 1224 1136 1299 quem

61 1306 234 1379 nonnulli
253 1305 524 1380 haeresiarcham
543 1306 736 1406 putabant,
752 1325 788 1380 et
802 1312 876 1407 ejus
888 1308 1016 1410 dogma
1034 1312 1140 1387 darn-

60 1421 220 1510 nabant,
232 1449 307 1523 quo
320 1423 363 1497 de
376 1424 498 1495 salutis
517 1423 631 1497 hostia
645 1440 803 1497 mortem
817 1428 1004 1501 animabus
1016 1433 1139 1532 propi·

62 1538 196 1636 nabat)
211 1541 407 1639 spiritualis
420 1540 553 1641 eloquii
573 1567 748 1614 mucrone
765 1542 931 1616 confodit
945 1547 980 1617 in
997 1549 1139 1647 synodo

62 1658 226 1731 Romans
241 1674 278 1732 et
291 1657 522 1732 vercellensi.
539 1657 593 1729 lbi
607 1661 828 1732 sanctissime
840 1667 1024 1761 exposuit,
1041 1691 1140 1739 vera·

61 1777 205 1848 cissime
222 1775 472 1877 comprobavit
491 1802 620 1874 panem
637 1793 673 1849 et
687 1778 831 1863 sinum,
844 1806 927 1879 qum
944 1780 1138 1856 dominice

61 1921 199 1966 mensae
216 1909 528 1994 superponuntur,
554 1909 635 1992 post
655 1897 962 1969 consecrationem
982 1923 1058 1972 esse
1076 1924 1138 1973 vc-

62 2038 142 2082 ram
155 2038 299 2085 carnem
313 2027 351 2084 et
364 2036 488 2083 verum
503 2012 715 2109 sauguinem
731 2011 875 2083 Domini
892 2012 1140 2112 redemptoris.

62 2128 359 2203 Profundissimis
391 2127 695 2228 disputationibus
726 2129 981 2230 berengerium
1014 2134 1139 2209 llomoe

62 2248 299 2347 Turonisque
324 2247 441 2346 palam
467 2247 596 2333 evicit,
623 2268 843 2346 omnemque
867 2246 1031 2322 baeresim
1054 2277 1138 2325 ana·

62 2361 318 2451 thematizare,
338 2366 546 2464 scriptoque
559 2389 681 2435 veram
695 2363 801 2435 fidem
821 2365 985 2461 profiteri
1003 2369 1134 2468 coegit.

61 2480 202 2557 Deinde
214 2480 442 2582 blasphemus
455 2478 702 2566 haeresiarcha,
715 2480 798 2578 quia
810 2498 963 2554 moestus
975 2481 1136 2576 erubuit,

61 2597 164 2696 quod
186 2597 326 2669 libellos
346 2597 503 2695 perversi
526 2594 704 2696 dogmatis
726 2595 852 2667 Romae
874 2598 966 2682 suis,
995 2624 1041 2670 ne
1063 2600 1137 2697 ipse

61 2728 300 2799 cremaretur,
321 2709 488 2784 manibus
510 2713 547 2783 in
572 2713 692 2809 ignem
713 2711 925 2809 conjecerit,
952 2711 1136 2812 discipulis

61 2830 213 2927 pecuina
233 2829 370 2927 pariter
391 2853 431 2898 ac
455 2826 590 2899 fallacia
613 2827 793 2923 corruptis
815 2853 937 2899 recens
958 2828 1135 2926 scriptum

58 2945 160 3017 domi
178 2943 361 3031 condidit,
382 2959 418 3017 et
441 2971 505 3042 per
522 2942 664 3015 eosdem
682 2969 830 3041 peregre
853 2945 1070 3034 transmisit,
1094 2960 1136 3020 ut

59 3084 163 3136 sertus
177 3091 281 3138 error
295 3062 527 3163 approbatius
544 3061 748 3146 fulciretur,
768 3077 804 3133 et
825 3063 861 3132 in
885 3061 1028 3135 futuros
1048 3090 1135 3162 per-

57 3178 262 3254 durabilior
275 3206 389 3252 astrios
406 3180 665 3277 porrigeretur.
683 3176 737 3248 dd
759 3177 857 3275 quod
875 3178 1133 3254 destruendum

59 3295 453 3369 hnfmncmdilueido
466 3293 596 3379 edidit,
609 3307 832 3391 venustoque
848 3293 932 3366 stilo
947 3292 1130 3386 libellum,

56 3417 167 3488 sacris
188 3412 463 3487 auctoritatibus
484 3412 753 3509 ponderosum,
777 3426 813 3482 ct
834 3409 1132 3486 indissolubiliter

57 3543 286 3607 constantem
308 3527 576 3628 consequentiis
595 3527 796 3617 rationum,
813 3553 907 3599 rerae
931 3526 1132 3629 intelligen-

58 3650 118 3719 tiae
138 3648 359 3719 astructione
374 3644 419 3717 de
435 3642 659 3716 Eucharistia
672 3644 876 3743 copiosum,
894 3641 1048 3716 facundo
1061 3671 1133 3718 ser-

57 3790 169 3837 mone
191 3763 436 3849 lueulentum,
464 3787 530 3834 nec
552 3761 757 3859 prolixitate
781 3758 980 3832 taediosum.
1006 3748 1131 3837 ttuttc

55 3883 216 3956 ecclesie
234 3880 401 3955 abbatem
423 3878 478 3953 rel
501 3879 711 3978 pontificem
733 3874 934 3951 incredibili
954 3877 1131 3954 desiderio

57 3998 126 4070 sibi
150 3998 391 4071 laissi-ancum
408 3998 613 4096 petierunt,
632 4023 739 4096 quem
757 3997 864 4067 etiarn
884 3997 994 4067 Roma
1012 3993 1132 4068 Cbris·
