2768 5094
10 420 117 497 [roro]
377 415 494 477 crasa
515 415 708 491 orsurus.
1019 422 1084 482 ara
1159 380 1170 411 '¹

45 534 156 608 Anno
165 537 284 635 itaque
292 535 1080 610 Dominicaeiucarnationisu²cxx⁰lanfran

10 680 69 726 cus
90 652 366 726 Cadomensium
388 652 526 751 primus
545 649 655 724 abbas
671 653 728 751 (r)
753 651 927 727 divinitus
954 654 1081 755 Anglis

9 771 199 843 institutor
228 768 332 842 datus
364 784 443 856 est,
481 785 518 841 ct
551 768 798 843 honestissima
833 771 1009 845 electione
1039 798 1080 846 ac

10 884 103 959 lidcli
116 886 386 960 consecratione
398 886 666 959 cantuariensis
677 887 834 961 ccclesiae
846 887 1078 988 archipraesul

10 1000 141 1073 rv’kal.
155 1000 367 1100 septembris
381 999 645 1074 inthronizatus
657 1017 723 1075 est.
736 1003 844 1102 Cujus
857 1004 1080 1078 ordinationi

10 1120 114 1192 multi
144 1118 314 1218 praesules
346 1134 383 1193 et
409 1116 554 1192 abbates
592 1119 789 1193 interfuere
816 1147 896 1193 cum
927 1123 1080 1195 maxima

10 1236 94 1309 cleri
124 1236 321 1335 populique
350 1234 598 1308 multitudine.
628 1236 824 1310 Praesentcs
853 1253 890 1310 et
917 1235 1081 1311 absentes

10 1354 121 1426 totius
145 1352 311 1425 Albionis
339 1352 467 1425 incola
497 1350 761 1452 tripudiarent,
787 1370 895 1453 atque
922 1353 1080 1429 multum

10 1469 83 1540 loeti
101 1468 178 1540 Deo
191 1469 320 1568 gratias
334 1483 499 1567 agerent,
518 1469 545 1540 si
560 1485 739 1570 quantum
750 1467 840 1541 boni
855 1469 999 1543 coelitus
1012 1469 1080 1542 sibi

10 1600 98 1656 tunc
116 1585 366 1684 impartiretur
382 1600 630 1685 agnoscerent.

57 1703 98 1773 ln
113 1699 324 1775 Cadomcnsi
335 1702 480 1775 ecclcsia
490 1699 719 1789 Guillelmus,
733 1700 893 1776 Radbodi
906 1703 1081 1803 sagiensis

10 1819 165 1919 episcopi
184 1817 293 1904 lilius,
313 1818 516 1891 lantfranco
532 1819 717 1906 successit3
733 1844 842 1918 quem
853 1833 936 1917 post
948 1842 1080 1891 norem

10 1939 67 2035 [ut
87 1938 186 2034 reor)
204 1962 320 2009 anuos
337 1935 420 2009 inde
433 1961 495 2008 rex
509 1934 726 2009 Guillelmus
742 1935 786 2008 ad
799 1937 991 2037 regendam
1005 1938 1082 2011 Ro-

10 2070 253 2153 tomagcnscm
278 2054 512 2154 metropolim
537 2055 717 2152 prorexit.
748 2055 815 2126 Hic
841 2053 1081 2128 consobrinus

10 2171 193 2245 Guillelmi
209 2170 372 2270 praesulis
384 2168 675 2258 Ebroicensium,
689 2169 753 2244 lilii
768 2168 910 2243 Girardi
925 2169 1079 2245 Fleitelli

10 2284 99 2374 luit,
120 2290 220 2385 cujus
239 2286 399 2385 potentia
421 2300 584 2385 tempore
602 2284 840 2359 Ricanlorum
859 2286 896 2358 in
914 2283 1080 2359 Neustria

10 2402 165 2473 maxime
182 2400 309 2500 riguit.
329 2400 531 2472 Canonicus
553 2415 589 2473 et
608 2398 879 2474 archidiaconus
901 2402 1080 2474 Rotoma-

10 2517 127 2616 gensis
149 2516 321 2589 Maurilio
338 2514 504 2614 pontifici
523 2516 661 2614 paruit,
679 2516 859 2618 magisque
876 2517 938 2589 Dei
958 2543 1081 2590 amore

10 2633 171 2719 lcrrcns,
188 2659 272 2704 cum
288 2631 491 2706 Teodcrico
507 2632 665 2705 Uticensi
683 2631 812 2706 abbate
829 2660 976 2735 peregre
993 2661 1081 2734 per·

10 2752 126 2836 rexit,
147 2766 183 2823 ct
200 2750 398 2850 gloriosum
413 2750 607 2823 salvatoris
619 2750 825 2849 sepulcrum
839 2754 875 2824 in
885 2754 1081 2828 Jerusalem

10 2882 218 2940 terirentcr
241 2866 342 2939 adiit.
374 2867 460 2940 lude
486 2894 649 2941 reversus
674 2869 849 2968 pristinos
874 2896 1081 2969 praecavens

10 2982 152 3057 labores
168 2986 352 3071 amittere,
377 2985 501 3057 muudi
526 2985 714 3059 lenociniis
738 2987 881 3085 penitus
902 2987 1083 3061 subtraxit

10 3128 68 3187 se,
93 3117 129 3172 ct
154 3101 189 3172 iu
215 3101 380 3173 Bccccnsi
406 3099 580 3175 coenobio
603 3102 737 3175 divinae
756 3119 941 3202 gratanter
965 3103 1083 3178 inlue-

10 3218 58 3288 sit
89 3215 240 3288 militias.
267 3216 357 3289 Dein
388 3243 469 3289 cum
501 3218 704 3292 lanfranco
729 3217 773 3290 ad
806 3220 1083 3293 instructionem

11 3333 298 3434 racopbytorum,
318 3336 380 3435 qui
399 3335 435 3407 in
455 3333 674 3407 Cadomense
692 3350 849 3406 castrum
867 3336 910 3407 ad
928 3335 1084 3409 servitu·

12 3470 87 3526 tem
103 3451 234 3525 Clrristi
256 3450 508 3539 conlluebant,
528 3467 733 3552 protractus
750 3468 822 3541 est3
836 3478 993 3553 quorum
1009 3454 1084 3553 ipse

11 3570 122 3671 paulo
141 3587 221 3670 post
238 3587 340 3670 pater
358 3587 394 3643 ct
413 3570 581 3671 magister
599 3567 784 3642 laudabilis
800 3568 915 3642 sactus
935 3585 988 3642 cst
1007 3570 1024 3670 (
1051 3570 1080 3671 ).

28 3790 51 3798 ..-
68 3786 1085 3801 n——Qffl—-un-

48 3920 90 3977 (rj-
109 3915 214 3967 t'outrr
237 3914 372 3989 l'opiuiou
393 3933 554 3978 commuue.
577 3933 648 3970 nous
669 3932 752 3969 arona
773 3933 807 3969 ru
830 3913 976 3977 tietmar.
999 3915 1018 3971 l.
1037 3934 1083 3981 ut,

15 4024 44 4076 p.
65 4003 127 4066 rati,
141 4022 196 4078 que
213 4006 347 4061 lanfranc
358 4026 393 4060 ue
411 4006 453 4059 lut
470 4005 578 4061 installe
591 4003 661 4059 abbe
672 4004 707 4058 ὼ
719 4004 794 4060 Cara
808 4024 863 4079 que
878 4023 938 4060 vers
949 4004 976 4061 la
989 4005 1085 4063 mter

16 4095 52 4147 dr
69 4094 142 4147 lotii.

54 4218 60 4247 ·.
68 4194 93 4252 ι)
110 4184 481 4254 (ὶυιΙΙιυπιο·Βοιιηε-Αωο,
495 4184 580 4240 blada
594 4182 741 4252 Radbode,
755 4184 858 4259 meatu
867 4182 903 4238 ‹lc
914 4184 981 4239 Stet
991 4181 1088 4253 (toab-
