2768 5094
70 427 177 505 [soto]
441 425 558 488 tinuit
580 423 773 501 Quintus.
1079 424 1140 488 tto

72 548 201 621 ielrnus
224 573 288 620 nox
313 544 406 619 dixit
432 547 594 620 Samsoni
623 547 805 646 Bejoccnsi
832 544 1016 644 capellano
1044 572 1137 620 suo:

72 665 388 736 Cenomanensis
415 665 649 764 episcopatus
677 662 782 735 sedes
807 687 875 735 suo
902 661 1059 735 viduata
1087 677 1141 735 est

71 783 252 870 antistite,
268 784 306 852 in
320 805 395 878 quo
409 779 554 852 uolente
568 780 650 854 Deo
667 797 700 852 te
716 807 815 853 nunc
827 781 911 854 uolo
923 779 1137 881 subrogare.

73 897 323 971 Cenomannir
339 923 364 968 o
382 899 519 973 nanim
535 895 639 985 robie
656 896 760 971 dicto
767 951 780 986 ,
796 896 880 971 urbs
894 914 947 970 ert
961 884 1138 996 unisona,

70 1031 103 1085 et
124 1012 231 1114 plebs
252 1015 333 1112 ejus
345 1012 520 1112 finitimis
543 1029 597 1086 est
611 1039 759 1114 procax
781 1031 816 1085 et
838 1011 1138 1112 sanguinolenta,

70 1130 302 1230 dominusque
312 1133 389 1203 suis
400 1149 790 1230 sempercontumueet
799 1131 1003 1208 rebellionis
1013 1129 1138 1205 avida.

73 1247 310 1348 Pontificales
324 1249 437 1345 igitur
444 1247 606 1321 nubem
620 1248 687 1321 tibi
701 1249 843 1322 tradere
854 1249 1024 1340 decerno,
1035 1273 1141 1347 quem

70 1393 94 1436 a
116 1367 281 1466 pueritia
308 1369 440 1441 nutrivi
473 1382 507 1438 et
536 1366 837 1458 amaut'nsedulo,
869 1384 904 1439 et
926 1392 1024 1439 nunc
1049 1367 1144 1445 inter

71 1483 256 1553 nwcintos
267 1484 374 1580 regni
383 1483 456 1553 mei
464 1506 630 1582 procerus
642 1471 839 1555 sublimare
850 1480 1029 1555 desidero.
1042 1480 1142 1553 sam-

71 1623 135 1668 son
162 1595 377 1695 respondit:
398 1597 613 1670 Secundum
636 1599 881 1700 apostolicam
909 1598 1143 1671 traditionem

71 1731 212 1817 oportet
225 1717 438 1816 episcopum
458 1715 805 1816 irreprehensibilem
817 1743 906 1790 esse.
923 1717 1009 1815 Ego
1022 1732 1142 1788 autern

73 1836 109 1904 in
130 1835 237 1905 omni
257 1837 335 1906 vita
358 1858 537 1906 mensum
557 1833 671 1907 valde
688 1832 996 1935 reprehensibilis,
1019 1835 1143 1906 omni·

72 1950 209 2049 busque
233 1951 361 2022 mentt's
386 1969 420 2022 et
447 1957 607 2052 corporis
631 1968 718 2024 ante
742 1968 974 2053 conspectum
996 1950 1143 2024 deitatis

70 2095 149 2140 sunt
169 2066 334 2167 pollutus
338 2067 509 2167 flagitiis
513 2125 527 2157 ‚
551 2094 619 2139 nec
641 2083 785 2140 toruum
802 2068 915 2140 decus
936 2068 1144 2166 contingen

67 2209 240 2284 possum,
265 2211 336 2285 pro
361 2180 555 2258 sceleribus
579 2187 669 2257 meis
695 2187 806 2257 miser
831 2201 865 2257 et
887 2181 1140 2285 despicabilis.
1217 2189 1221 2194 ’

70 2302 145 2374 Rex
164 2302 281 2373 dixit:
302 2296 473 2376 Callidus
489 2319 577 2374 eset
589 2305 854 2404 perspicaciter
867 2301 972 2375 vides
989 2299 1092 2401 quod
1103 2315 1142 2374 tu

71 2422 139 2490 n‘te
154 2434 387 2520 peecatorem
410 2419 627 2525 feroofiieo·
648 2419 767 2493 debes.
792 2421 937 2493 Ficum
961 2436 1081 2493 tanen
1104 2419 1144 2492 in

71 2555 104 2607 te
129 2538 246 2608 statui
267 2538 502 2637 sententiam,
532 2563 601 2610 nec
618 2564 644 2609 a
666 2555 700 2608 te
721 2554 896 2610 stetinum
922 2533 1141 2623 convellam,

71 2657 161 2752 quin
183 2659 435 2754 episcopatum
458 2656 662 2754 suscipias,
684 2671 750 2725 aut
772 2657 905 2742 alium,
930 2654 998 2752 qui
1012 2677 1086 2753 pro
1110 2669 1144 2724 te

67 2771 212 2871 proerul
226 2771 326 2868 fiat,
356 2775 542 2872 porrigas.
570 2773 631 2843 His
659 2771 791 2844 auditis
822 2774 961 2870 gavisus
991 2771 1141 2845 Samson

71 2890 122 2961 ait
150 2920 158 2959 :
187 2887 317 2977 Nunc,
346 2890 494 2962 domine
517 2893 570 2961 mi
595 2915 684 2977 rex,
704 2893 836 2988 optime
863 2889 1002 2962 locutus
1025 2914 1083 2978 es,
1107 2907 1143 2961 et

70 3007 126 3077 ad
142 3005 213 3080 ltoc
234 3008 421 3105 agendum
441 3007 733 3080 adminiculante
755 3008 836 3078 Deo
858 3032 916 3078 me
933 3020 1143 3107 promptum

71 3126 243 3196 invenies.
264 3125 365 3196 Ecce
383 3127 422 3194 in
439 3124 588 3226 capello
601 3140 667 3195 tua
680 3126 897 3223 estquidam
911 3148 1057 3224 pauper
1070 3123 1143 3196 cle·

71 3243 190 3327 neus,
212 3241 280 3313 sed
299 3240 433 3314 nobilis
453 3257 489 3314 et
508 3241 597 3314 bene
613 3243 865 3340 morigeratus.
887 3240 987 3313 Huic
998 3267 1143 3342 prnsu-

72 3355 190 3426 latum
208 3357 422 3429 commenda
437 3367 476 3429 in
495 3358 568 3430 Dei
586 3361 732 3443 timore,
753 3359 839 3457 quia
858 3357 993 3456 dignus
1010 3374 1063 3429 cst
1080 3357 1143 3456 (ut

71 3476 236 3573 testimo)
259 3472 329 3544 tali
350 3471 498 3546 ltonooe.
526 3474 612 3572 Regi
640 3491 760 3546 nutem
784 3474 1035 3572 percunctanti
1062 3472 1144 3574 quis

69 3603 185 3677 met,
207 3586 356 3661 Simeon
379 3589 567 3689 respondit
588 3621 596 3660 ε
623 3589 778 3663 Hoellus
796 3590 934 3663 dicitur
952 3607 989 3660 et
1008 3605 1061 3661 est
1075 3614 1144 3690 ge-

69 3731 155 3775 nere
178 3705 307 3788 Brito‚·
331 3706 399 3779 sed
424 3706 571 3780 lunatis
600 3726 653 3780 est
678 3725 712 3779 et
738 3735 860 3781 revera
885 3707 1140 3782 bonushomo.

72 3822 154 3894 ,ttox
178 3820 330 3919 jubente
356 3852 438 3923 rege
466 3826 612 3897 Hoeline
636 3829 829 3899 accersitur
858 3828 1000 3925 ignarus
1026 3823 1143 3899 adhuc

69 3940 110 4007 ,κΙ
141 3938 228 4036 qnid
260 3958 460 4014 vocaretur.
487 3942 651 4041 Cumque·
677 3969 737 4016 rex
758 3949 928 4042 juvenem
954 3944 990 4015 in
1015 3942 1140 4015 humili

71 4055 196 4128 babitu
225 4060 456 4131 macilentum
486 4059 648 4144 tulisset,
675 4062 857 4159 ticeps-nn
888 4080 919 4133 et
950 4087 1142 4134 contritus

69 4171 110 4241 sii
140 4175 348 4248 samsonem
372 4177 490 4251 dixit:
524 4181 643 4253 Istone
665 4200 734 4259 est,
764 4208 867 4280 prtem
898 4199 934 4251 tu
957 4196 1142 4278 tantopere
