2768 5094
73 447 281 526 [tow-10⁵7]
448 447 563 508 arnna
583 449 759 511 rennos.
1092 446 1132 511 ts

72 563 277 653 demonio,
305 561 603 668 vehementerque
628 583 784 641 rexatus.
811 567 916 639 Hunc
942 591 1025 639 cum
1052 590 1130 640 mo·

74 680 177 756 nachi
196 678 420 756 horribiliter
434 682 645 758 clamantem
662 684 845 772 audirent,
863 681 1005 756 adeum
1021 707 1132 757 acca·

72 815 217 885 serunt,
238 799 412 900 illumque
425 801 692 900 propulsantes,
711 817 748 875 et
763 828 889 904 aquam
910 797 1132 873 benedictam

72 939 181 1014 super
210 913 312 989 illum
339 934 561 1016 spargentes,
590 918 650 990 vix
675 916 866 1019 aliquando
895 943 914 989 a
945 915 1133 989 vexatione

72 1030 271 1104 daemonica
285 1056 408 1105 eruere
421 1034 629 1133 quiverunt.
648 1034 718 1127 Qui
733 1032 777 1106 ad
793 1059 829 1107 se
846 1057 1007 1106 reversus
1023 1027 1134 1104 intel·

72 1147 154 1247 tigit
167 1163 317 1246 propter
329 1147 423 1221 furta
437 1176 518 1249 quae
531 1167 649 1250 egerat
660 1149 844 1224 diabolum
858 1150 964 1222 talem
977 1161 1135 1248 potesta·

74 1280 148 1338 tem
167 1289 274 1363 super
290 1291 326 1339 se
341 1267 531 1365 accepisse,
553 1268 791 1368 promisitque
807 1265 905 1368 quod
922 1264 967 1337 ab
986 1262 1050 1337 hac
1065 1288 1133 1337 ne-

72 1379 188 1480 quitia
205 1377 250 1453 de
268 1395 400 1455 coetero
416 1381 613 1456 custodiret
626 1410 675 1458 se.
697 1383 766 1455 Scd
782 1399 901 1483 postea
918 1407 1020 1454 more
1037 1379 1134 1453 cenis

71 1493 118 1567 ad
144 1520 250 1568 sunm
273 1499 452 1571 vomitum
478 1525 639 1574 reversus
659 1514 735 1588 'est3
765 1500 861 1574 unde
884 1499 1054 1597 mpitium
1080 1494 1131 1568 illi

72 1608 184 1684 abbas
202 1612 417 1687 Tendericns
438 1613 570 1689 abscidi
592 1615 698 1704 fecit,
724 1643 877 1717 eumque
897 1616 941 1690 de
962 1611 1134 1688 coenobio

71 1726 218 1826 expelli.
238 1728 380 1826 Ejectus
403 1748 522 1805 autem
538 1731 583 1806 de
606 1733 758 1833 collegio
782 1732 955 1820 fratrum,
980 1732 1048 1804 iter
1071 1732 1135 1828 (ut

71 1843 225 1943 dicunt)
246 1846 285 1919 in
304 1847 500 1921 Jerusalem
518 1851 690 1949 arripuit,
711 1850 773 1923 sed
790 1851 943 1924 omnino
957 1847 1134 1921 nescimus

71 1959 218 2058 qualem
234 1977 355 2058 postea
371 1962 481 2035 finem
499 1965 647 2038 sortitus
663 1964 787 2038 suerit.

128 2073 281 2166 Quidam
300 2077 488 2179 presbyter
504 2079 704 2153 Anseredus
722 2081 870 2153 nominc
888 2079 926 2150 in
949 2075 1134 2150 territorio

74 2190 187 2277 sillae,
205 2217 287 2292 quae
302 2193 438 2293 Sappna
450 2194 596 2282 dicitur,
614 2194 878 2284 commanebat,
891 2194 954 2294 qui
967 2193 1077 2264 vitam
1089 2191 1137 2264 le·

74 2333 158 2381 sem
174 2306 339 2408 pluribus
358 2309 473 2385 modis
485 2311 651 2386 ducebat.
671 2315 737 2385 llic
751 2312 838 2385 dum
855 2311 900 2383 ab
916 2308 1137 2411 egritudinis

74 2425 310 2501 incommodo
335 2428 563 2529 fatigaretur,
590 2456 610 2502 o
634 2432 820 2504 monachis
843 2429 1036 2530 supradicti
1060 2450 1134 2499 coe·

74 2540 180 2615 nobii
212 2540 375 2619 habitum
403 2547 514 2618 sancti
546 2544 725 2620 Benedicti
757 2546 825 2618 sibi
853 2544 929 2618 dari
956 2542 1133 2643 poposcit.

74 2655 186 2749 Quod
208 2683 291 2730 cum
310 2657 457 2760 adeptus
484 2660 624 2750 suisset,
654 2662 697 2734 ad
725 2661 936 2735 coenobium
965 2674 1017 2732 ost
1039 2656 1136 2731 deln-

76 2790 159 2864 tus,
182 2788 290 2874 atque
314 2776 351 2847 iu
381 2775 574 2850 infirmaria
602 2781 752 2878 positus.
780 2778 850 2870 Qui
874 2792 1064 2877 postquam
1091 2771 1137 2845 ab

73 2889 199 2966 sedem
223 2892 436 2991 egritudine
460 2895 662 2982 convaluit,
687 2894 783 2966 illam
805 2892 1003 2979 levitatem,
1028 2912 1136 2989 (pum

76 3007 117 3079 in
131 3005 293 3080 soeeulari
312 3009 581 3082 corrvemtione
597 3011 812 3109 agitaverat,
833 3010 1059 3108 inquantum
1073 3027 1136 3104 po

78 3137 173 3197 tens
195 3122 408 3198 resumebat.
433 3127 480 3197 Et
499 3127 591 3198 sicut
610 3125 754 3227 qnidam
778 3127 916 3225 sapiens
940 3123 984 3197 de
1006 3118 1137 3195 talibus

76 3238 193 3311 dicit:

166 3392 293 3460 calum,
309 3411 364 3448 noo
376 3393 495 3450 animm
509 3405 611 3458 motat,
626 3397 674 3467 qui
687 3405 763 3448 trans
772 3411 847 3448 mare
859 3396 946 3448 currit
955 3395 1003 3462 (ι).

81 3534 145 3605 istc
162 3531 327 3606 habitum
342 3530 609 3621 tantummodo,
627 3559 699 3607 non
716 3559 832 3605 mores
850 3533 1013 3603 mutarit.
1030 3529 1140 3631 Cujus

83 3650 191 3721 vitam
209 3664 246 3720 et
262 3650 568 3723 conversationem
582 3675 663 3721 cnm
682 3647 788 3722 abbas
805 3647 1020 3721 Teodericns
1037 3646 1139 3723 uelde

82 3762 398 3863 reprehensibilem
415 3783 597 3855 cerneret,
625 3765 797 3866 illumque
819 3790 957 3837 sacrum
975 3763 1139 3838 ordinem

84 3881 165 3954 odio
191 3879 322 3956 habere
345 3883 481 3956 audiret
507 3882 754 3980 (maridarerat
776 3884 870 3956 enirn
899 3884 989 3977 patri
1017 3908 1082 3955 sno
1104 3898 1141 3953 et

85 4032 243 4046 ..ψ-ι---
253 4033 542 4046 *co-*-

131 4132 154 4177 s)
173 4109 248 4162 lutet
267 4134 269 4139 ¹
291 4111 394 4163 t'srltnn
404 4155 409 4170 ,
420 4133 473 4166 suern
488 4134 624 4166 cassinium.
642 4122 763 4166 cuntant.
775 4114 823 4180 qni
835 4122 911 4163 trum
929 4127 1004 4161 mure
1014 4118 1129 4161 currunt

89 4198 151 4251 llos.
167 4201 217 4272 Ep
235 4218 260 4267 s,
276 4217 370 4274 stay.
