2768 5094
137 394 177 452 n
336 366 340 374 ’
411 385 594 445 nrsrorn
615 382 921 445 roeresrnnci.
992 382 1204 463 [roeo-rore]

187 511 285 581 {nter
302 507 552 591 Normannoe,
571 505 634 603 qui
660 501 822 576 Tiberim
847 501 1066 574 transierant
1074 501 1207 603 „wit

136 626 270 699 termus
295 621 339 694 de
364 619 640 708 Monasteriolo,
665 619 855 692 Willermi
887 617 1059 691 Geroiani
1093 606 1205 704 fitius,

136 741 291 814 maxime
310 738 455 825 floruit,
483 754 519 811 et
541 739 695 810 Romani
722 736 898 810 exercitus
916 735 1090 834 princepe
1110 733 1208 806 mili-

138 859 198 930 tiae
210 857 340 943 factus,
352 855 525 929 vexilium
538 855 649 926 sancti
664 854 759 926 Petri
776 869 916 952 gestans
928 834 1097 924 Ubereni
1105 850 1206 923 Cam·

137 973 280 1072 puniam
298 969 512 1070 subjugavit.
529 971 597 1042 Hie
611 967 839 1043 Uticensibus
855 970 1033 1069 (quornm
1042 965 1163 1041 frater
1176 982 1208 1039 et

138 1091 271 1162 amicus
288 1106 381 1176 erat,
397 1103 433 1162 et
449 1087 581 1189 quibus
597 1086 700 1186 plura
715 1102 906 1186 antequam
921 1085 966 1159 de
983 1084 1208 1158 Normannia

137 1211 347 1308 migrasset,
367 1224 409 1278 ut
430 1234 536 1306 supra
561 1204 736 1293 diximus,
763 1204 933 1302 dederat)
957 1203 1146 1276 mundarit
1173 1217 1209 1273 nt

139 1324 183 1396 ad
192 1350 236 1396 ee
253 1324 409 1423 legatum
426 1322 566 1396 fidelem
584 1323 774 1394 mitterent
789 1348 857 1420 pro
870 1319 1074 1394 deferendis
1088 1345 1210 1393 mune·

1243 498 1255 583 i

1253 1125 1255 1167 t

140 1439 239 1514 ribus
257 1468 339 1542 quae
356 1443 406 1515 eis
427 1440 663 1541 praeparabat.
688 1440 765 1513 Hoc
781 1439 995 1513 Wiilermus
1015 1455 1124 1538 pater
1138 1441 1209 1538 ejus
1253 1496 1255 1500 Α

141 1576 184 1632 ut
194 1557 343 1647 audivit,
357 1584 430 1633 sese
441 1557 487 1630 ad
500 1558 591 1630 hanc
605 1557 819 1657 legationem
829 1582 899 1655 pro
912 1554 1068 1629 utilitate
1078 1569 1209 1629 sancte

143 1832 256 1908 lorsque
272 1833 440 1907 l'empereur
458 1832 570 1889 Conrad
591 1836 653 1888 crea
672 1850 722 1887 eon
743 1833 816 1887 frere
828 1831 958 1886 Rainulie
974 1841 1067 1886 comte
1080 1830 1211 1887 ‹t‘nm

144 1939 180 1975 en
199 1919 275 1976 1058.
296 1922 347 1976 Les
365 1922 500 1994 premiere
511 1920 620 1976 eniants
631 1920 666 1975 de
679 1920 822 1975 Tenerede
838 1920 873 1974 de
885 1918 1044 1975 Hauteville
1054 1921 1112 1993 qni·
1126 1921 1211 1973 inient

144 2013 247 2067 arrives
256 2031 291 2066 en
302 2013 381 2068 italie
388 2032 406 2085 y
416 2015 527 2068 vinrent
541 2030 603 2067 vers
619 2010 700 2079 10383
713 2013 839 2066 c'e'taient
851 2010 1212 2066 Genuumessm-dcter

144 2100 226 2156 l’aine
240 2101 275 2157 de
288 2113 366 2170 tous,
378 2103 491 2176 Drogon
501 2114 529 2157 et
538 2103 677 2157 Homfroi.
691 2099 1049 2156 Guillaume·Brasde·Fer
1060 2100 1104 2155 [ut
1113 2099 1141 2155 le
1154 2118 1212 2173 pre

146 2190 217 2243 mier
234 2190 316 2263 qu’ile
335 2200 521 2244 reconnurent
541 2207 612 2262 pour
630 2189 698 2242 chef
707 2199 736 2243 et
748 2190 796 2262 qui
815 2189 873 2261 prit
889 2187 914 2242 te
933 2188 1000 2241 titre
1016 2186 1052 2241 de
1070 2198 1166 2242 comte
1181 2185 1213 2240 de

147 2278 255 2333 Pouille
265 2298 300 2333 en
315 2278 390 2344 1043.
406 2280 533 2352 brugen,
546 2297 594 2334 son
609 2297 766 2333 successeur
776 2278 825 2333 dee
837 2277 917 2346 1046,
929 2289 1045 2333 mourut
1052 2280 1188 2334 assassine
1200 2285 1214 2333 'a

147 2368 329 2439 l'instigation
342 2368 391 2421 dee
402 2369 491 2422 Grece
504 2387 540 2423 en
556 2368 630 2422 1051.
641 2369 749 2424 Robert
761 2368 900 2424 Guiscard
910 2370 986 2424 n’eut
997 2368 1024 2423 le
1037 2368 1214 2425 nonrmande

149 2465 227 2508 ment
238 2456 365 2528 qn'apree
383 2456 719 2533 Homfroi(1051·1057).
734 2458 811 2513 Nous
826 2477 860 2514 ne
870 2478 986 2532 croyons
999 2477 1047 2532 pas
1061 2461 1214 2515 neceseaire

149 2542 272 2596 d'entrer
290 2543 326 2597 ici
344 2543 413 2598 dam
434 2545 459 2600 ie
476 2544 559 2600 detail
573 2545 695 2601 deleme
707 2548 871 2621 conqueror,
886 2546 954 2603 dont
969 2566 1039 2602 nous
1049 2559 1216 2604 tnouvernns

150 2631 295 2686 Poccaeiou
303 2631 338 2687 de
351 2633 443 2706 parler
452 2634 514 2708 plus
522 2634 595 2689 tard.
607 2635 694 2691 Notre
707 2646 806 2691 auteur
816 2636 879 2692 a'eet
888 2640 997 2712 trompe
1009 2656 1044 2692 en
1059 2656 1132 2692 noue
1143 2636 1216 2693 indi·

150 2730 238 2794 quant
253 2722 341 2793 parmi
359 2721 397 2776 ies
418 2724 526 2778 ensente
546 2724 581 2779 de
596 2724 741 2780 Tancride
759 2726 795 2781 de
808 2723 964 2783 Hauteville
983 2745 1022 2780 un
1043 2745 1218 2800 personnage

151 2811 263 2862 nomme'
275 2810 407 2866 Hermae.
420 2814 496 2866 Cena
509 2812 547 2866 du
566 2815 687 2886 premier
702 2814 750 2881 lit,
765 2816 834 2872 dont
847 2834 916 2871 nous
935 2817 1045 2874 n’avont
1055 2835 1106 2890 pu
1118 2833 1219 2871 encore

152 2898 238 2971 parte,
246 2901 352 2955 etaient
361 2901 485 2956 Geoffroi
499 2913 528 2957 et
539 2903 646 2959 Serlon.
655 2906 732 2959 Ceux
743 2905 780 2960 dn
793 2904 894 2961 second
902 2905 943 2972 n,
953 2904 1217 2970 RobertGuieoerd,

151 2987 444 3068 Mangerpnlrerede,
459 2992 635 3061 Guiltaume,
652 2994 805 3062 Humbert,
825 2993 969 3050 Taucrede
983 3007 1011 3048 et
1025 2994 1130 3068 Roger.
1146 2993 1218 3049 -ΙΙ

151 3077 238 3130 existe
251 3079 314 3151 pree
326 3076 361 3131 de
373 3079 565 3135 Croirsanville
579 3082 682 3136 unlieu
696 3084 913 3151 uornmeCare13
926 3085 994 3138 maia
1008 3085 1117 3138 suivant
1130 3083 1218 3139 Odoi-

152 3164 211 3219 lant
229 3164 351 3232 Deenoe,
367 3168 513 3241 Anequetil
527 3168 562 3222 dc
577 3168 737 3242 Quudrcllis
755 3174 823 3227 etait
836 3174 966 3247 seigneur
981 3171 1016 3226 de
1036 3171 1217 3228 Limera-la-

153 3254 288 3324 Quarrei‚
309 3253 345 3309 de
365 3255 664 3330 Vilaineeia-Quarrel
683 3261 932 3330 (arrondiseement
953 3261 988 3317 de
1010 3264 1165 3334 Mamers),
1190 3273 1218 3318 et

153 3344 244 3399 meme
262 3344 297 3400 de
321 3344 578 3403 eorde-sur-sarte
598 3351 662 3422 pree
680 3350 815 3425 Alenpnn.
833 3356 878 3409 Au
901 3362 973 3406 reete
992 3351 1011 3405 il
1032 3363 1073 3406 est
1097 3352 1218 3425 pouibie

151 3432 361 3509 qu’Aneqnetil,
380 3437 459 3508 apres
477 3437 553 3491 avoir
566 3438 623 3510 pris
642 3456 691 3492 eon
708 3455 775 3493 nom
789 3439 824 3495 de
841 3438 920 3495 Care!
937 3440 1000 3512 pree
1012 3439 1217 3494 Saiut-Pierre-

153 3521 296 3591 aur·Dive‚
315 3523 371 3579 l'ait
388 3523 481 3579 donne
492 3529 507 3579 t
518 3543 561 3580 ree
573 3529 728 3600 preprietea
743 3528 781 3583 du
794 3530 936 3585 Saonnaie.
950 3528 1075 3584 Richard
1089 3528 1125 3584 de
1137 3527 1219 3584 earet

153 3612 254 3682 eponsa
277 3630 331 3666 une
350 3632 424 3668 soeur
442 3613 491 3669 dee
511 3615 619 3671 ensants
635 3616 670 3672 de
683 3619 828 3675 Taucrede
841 3620 876 3675 de
889 3619 1045 3675 Hauteville
1063 3630 1093 3674 et
1105 3619 1216 3682 obtint.

153 3717 225 3771 pour
238 3720 265 3755 sa
278 3713 340 3775 part
353 3694 421 3758 dans
435 3704 459 3759 la
479 3707 631 3779 conquete,
650 3706 674 3761 la
691 3710 866 3783 principante
878 3709 913 3763 de
927 3710 1048 3782 Capoue.
1062 3706 1215 3774 Jourdaim

154 3804 203 3841 eon
218 3788 260 3841 sris
272 3800 301 3843 et
317 3809 367 3844 eon
380 3810 547 3860 successeur,
562 3796 664 3867 epousa
677 3813 732 3851 une
746 3797 800 3853 srfle
813 3797 851 3851 du
865 3797 961 3870 prinne
975 3796 1010 3852 de
1025 3796 1149 3853 Salerne.
1166 3795 1218 3850 Ri-

152 3875 238 3930 chard
258 3878 298 3944 11,
322 3881 390 3933 sorti
410 3879 445 3936 de
462 3891 534 3935 cette
557 3885 659 3951 union,
674 3884 718 3940 sut
736 3885 875 3960 depouillc'·
895 3886 930 3941 de
949 3886 974 3942 la
988 3886 1166 3961 principante
1183 3884 1218 3939 de

150 3965 264 4038 Capoue
274 3987 324 4040 par
336 3968 481 4043 Rogerli,
493 3982 584 4026 comte
597 3972 632 4028 de
641 3975 830 4032 sicile-Les
839 3977 916 4032 vities
928 3981 1070 4032 nemmem
1085 3976 1120 4031 ici
1133 3987 1199 4031 sont
1211 4002 1215 4007 ·

151 4054 219 4108 dane
236 4057 260 4111 ie
283 4076 413 4130 royauure
432 4061 467 4116 de
488 4060 601 4135 Napies.
621 4064 749 4134 salerne,
765 4066 840 4132 Bari,
858 4068 985 4143 Caprium
999 4087 1033 4122 cn
1048 4065 1147 4131 Sicitr,
1164 4064 1217 4119 ra·

151 4143 252 4215 terme,
268 4150 371 4203 (Iataue
383 4161 411 4204 et
424 4150 681 4208 Cruci-Giorauni.
