2768 5094
265 386 303 443 rs
540 377 725 441 msrouu
746 375 1051 440 sccmsnsnca.
1130 380 1332 460 [roso-totu

263 498 422 602 gendum
437 512 474 571 et
491 497 692 571 canendum
713 495 820 572 nohis
843 495 959 570 adbuc
980 497 1082 571 valde
1101 515 1286 597 prosunt,
1306 516 1335 574 et

262 642 328 716 per
345 613 476 689 'similis
493 612 653 686 exercitii
672 610 893 713 probitatem
914 636 981 686 nos
1005 639 1023 684 a
1047 611 1156 688 nobis
1179 615 1335 688 otiosita-

263 749 336 808 tem
360 731 538 832 depellere
560 730 746 804 erudiunt.
772 734 812 804 ln
836 728 1064 805 orationibus
1083 746 1123 806 et
1141 731 1281 834 vigiliis
1298 731 1336 806 at

264 847 414 921 infantia
432 846 504 918 suit
519 845 695 933 assiduus,
715 861 752 918 et
770 872 883 946 usque
898 843 942 918 ud
956 861 1184 920 senectutem
1194 848 1336 947 jejuniis

260 966 409 1066 aliisque
425 960 727 1037 macerationibus
740 965 861 1036 carnis
873 963 1056 1039 moderate
1075 965 1267 1055 intentus,
1282 964 1337 1038 ob

260 1096 423 1177 servator
440 1080 630 1153 monastici
649 1078 787 1152 ordinis
802 1080 975 1182 diligens,
996 1080 1092 1155 etad
1110 1082 1337 1185 redarguen-

259 1199 347 1272 dum
376 1213 508 1269 sanctae
535 1196 667 1297 regulae
698 1211 974 1298 transgressores
1000 1199 1156 1272 fervens.
1183 1200 1337 1298 Episto-

130 1324 136 1336 '
260 1315 310 1388 las
326 1315 425 1389 Pauli
444 1329 480 1387 et
495 1311 689 1388 Proverbia
711 1313 937 1402 Salomonis,
961 1314 1100 1414 aliaque
1120 1316 1338 1416 qammplun

259 1447 391 1507 sanctae
409 1431 607 1530 Scripturae
624 1445 851 1531 syntagmata
869 1432 983 1504 tenaci
999 1432 1175 1504 memoria
1190 1448 1338 1507 contra·

259 1546 419 1634 diderat,
437 1547 527 1620 etin
540 1545 763 1647 quotidianis
781 1545 1027 1620 locutionibus
1048 1548 1119 1619 suis
1140 1547 1188 1621 ad
1210 1548 1339 1624 exbuc

262 1667 435 1740 tationem
450 1688 597 1753 eorum,
615 1662 749 1765 quibus
771 1662 1085 1753 confabulabatur,
1109 1665 1335 1763 proferebat

259 1783 512 1884 Hujusc'emodi
539 1781 665 1885 studiis
692 1783 853 1856 intentus
871 1787 948 1882 jam
968 1807 1029 1856 mv
1051 1807 1168 1857 annos
1191 1784 1238 1858 t'u
1263 1811 1337 1859 mo·

258 1899 391 1975 nuchili
424 1900 553 1974 ordine
584 1899 783 1999 transegit,
813 1915 852 1974 et
880 1899 996 1972 adbuc
1026 1917 1067 1973 ut
1097 1925 1164 2001 per
1195 1901 1336 1976 bonum

257 2018 369 2094 finem
386 2018 430 2091 ad
448 2033 594 2090 aeternae
613 2016 744 2116 quietis
762 2012 996 2089 stabilitatem
1015 2018 1241 2116 pertransire
1260 2042 1337 2118 poc

256 2137 323 2224 sit,
351 2133 421 2207 su'b
444 2134 603 2235 Rogerio
632 2131 762 2208 abbate
790 2131 895 2207 bonis
921 2132 1061 2206 actibus
1092 2132 1204 2209 solito
1233 2160 1336 2210 more

256 2253 402 2326 insistit.
500 2258 516 2265 ”

304 2371 403 2442 Dum
424 2367 592 2442 Uticense
617 2363 829 2442 coenobium
854 2381 962 2442 aucto
980 2384 1165 2440 conventu
1188 2390 1237 2441 xr.
1260 2395 1334 2444 mo-

256 2485 456 2560 nachorum
467 2484 622 2584 gloriose
633 2483 949 2575 corroboraretur,
961 2501 998 2559 et
1009 2487 1102 2560 ordo
1111 2488 1334 2561 monasticus

256 2602 455 2678 secundum
480 2626 646 2675 normam
672 2600 806 2675 divinae
832 2603 935 2704 legis
963 2600 1097 2677 ibidem
1118 2602 1334 2704 regulariter

256 2720 523 2809 observaretur,
542 2721 650 2821 longe
664 2719 807 2822 lateque
821 2720 1020 2821 procedens
1033 2721 1127 2794 fama
1140 2720 1331 2811 uolitabat,

255 2857 292 2914 et
304 2839 441 2915 multos
454 2838 498 2915 ad
513 2865 674 2914 amorem
692 2838 851 2939 ejusdem
865 2839 1021 2914 ecclesiae
1038 2837 1230 2914 invitabat.
1245 2839 1332 2935 Qui-

254 2959 337 3031 dam
354 2974 475 3030 autem
491 2955 662 3054 pestifero
681 2955 796 3031 livore
814 2954 1081 3045 inliciebantur,
1098 2958 1331 3059 proprieque

254 3074 402 3147 malitiae
417 3072 591 3146 vulnifico
605 3073 729 3146 missili
747 3074 1007 3173 puniebantur.
1021 3072 1230 3150 Rodbertus
1243 3101 1329 3150 vero

256 3191 363 3266 abbas
386 3192 541 3294 genuino
571 3191 736 3292 largitate
760 3191 956 3291 praeditus,
983 3194 1239 3294 undecumque
1263 3220 1328 3269 ve·

254 3312 395 3385 nientes
411 3308 455 3381 ad
472 3309 745 3384 conversionem
760 3307 917 3383 libenter
931 3308 1163 3408 suscipiebat,
1179 3324 1219 3385 et
1232 3334 1328 3413 quea

254 3452 326 3528 que
344 3424 517 3499 fratribus
535 3425 579 3498 ad
595 3426 732 3499 victum
750 3453 811 3499 seu
827 3426 995 3501 vestitum
1013 3426 1209 3500 necessaria
1226 3438 1327 3502 eraut

255 3545 410 3619 viriliter
433 3542 662 3644 procurabat.
687 3544 860 3616 Redditus
880 3544 1053 3616 nimirum
1071 3544 1253 3640 Uticensis
1269 3570 1326 3619 eu-

255 3659 391 3747 clesiae,
410 3684 492 3759 quae
511 3661 546 3731 iu
563 3658 673 3731 sterili
689 3685 780 3758 pago
793 3658 978 3758 surgebat,
995 3658 1038 3731 ad
1052 3672 1190 3731 tantam
1204 3658 1327 3760 dapsi-

253 3773 393 3847 litatem
417 3773 556 3872 praelati
584 3775 696 3873 patris
724 3799 800 3849 uun
826 3774 1022 3850 sufficiebat
1036 3805 1046 3862 ς
1076 3774 1138 3848 sed
1163 3775 1261 3874 ipse,
1286 3788 1325 3848 ut

254 3892 428 3977 diximus,
454 3919 495 3964 cx
518 3893 699 3991 generosis
722 3893 932 3991 parentibus
954 3891 1161 3993 prodierat,
1185 3908 1222 3965 et
1242 3917 1326 3993 opet

255 4033 381 4081 eorum
403 4006 446 4078 ad
469 4033 572 4078 usum
595 4007 858 4083 monachorum
881 4026 993 4107 prout
1016 4006 1184 4098 volebat,
1213 4008 1323 4081 amice

255 4123 495 4197 familiaritate
518 4126 785 4213 coissentiente,
810 4126 1022 4226 plerumque
1039 4122 1248 4224 accipiebat.
