2768 5094
295 342 355 402 sss
571 340 753 405 asssonn
775 340 1080 412 sesaminum.
1258 348 1354 423 [ms]

294 456 379 542 bus,
399 457 509 530 Fulco
527 483 646 533 comes
663 460 721 557 (ι)
747 461 857 534 iaoxio
882 461 995 534 livore
1013 462 1182 560 nequiter
1207 461 1356 536 infestus

294 590 367 663 est,
384 592 420 648 et
437 593 562 649 contra
577 575 751 676 quosdam
763 575 985 650 Normannis
1000 576 1159 651 faventes
1178 578 1356 685 insui-gese

295 705 443 764 conatus
451 707 518 764 est.
526 692 632 763 Tunc
641 691 674 764 ei
682 689 916 766 Johannesde
922 691 1049 767 Fleech
1055 692 1083 764 ia
1090 690 1357 793 potentissimus

294 806 570 906 Andegavorum
586 808 768 908 praecipue
784 808 945 881 infensus
962 822 1056 896 emt,
1075 811 1160 910 quia
1178 809 1358 887 Norman·

294 926 350 998 nis
365 923 583 999 adhaerebat.
601 925 691 1018 Qui,
709 924 774 998 ubi
792 926 985 1026 proesatum
1000 928 1172 1002 comitem
1187 954 1275 1001 cum
1287 928 1358 1003 ser-

294 1042 380 1114 ratis
393 1040 596 1140 agminibus
609 1039 781 1116 festinare
795 1068 902 1141 super
914 1069 951 1117 se
965 1069 1035 1143 pro
1047 1059 1148 1119 certo
1160 1049 1357 1145 competit,

294 1158 561 1233 oonsoederatos
579 1158 646 1232 sibi
665 1160 785 1234 affines
802 1161 952 1261 expetiit
962 1215 973 1250 ,
995 1163 1243 1264 auxiliumque
1258 1163 1360 1238 Guil-

294 1275 391 1348 lelmi
409 1277 502 1377 aegis
518 1277 707 1377 requisivit
723 1291 760 1350 et
779 1277 998 1377 impetravit.
1018 1277 1110 1350 Nam
1126 1307 1191 1355 rex
1210 1281 1359 1381 impiger

293 1392 530 1466 Guillelmum
547 1393 591 1465 de
613 1393 762 1467 Molinis
782 1397 836 1492 (a)
859 1409 895 1468 et
912 1393 1138 1469 Rodbertum
1156 1396 1204 1471 de
1220 1398 1359 1474 veteri-

293 1512 409 1585 Ponte
423 1512 500 1610 (3),
519 1511 679 1613 aliosque
702 1511 918 1587 fortissimos
935 1529 971 1588 et
988 1514 1177 1589 multoties
1191 1515 1358 1616 psnbntos

293 1627 483 1703 bellatores
497 1627 654 1702 Johanni
671 1628 881 1717 destinavit;
899 1654 991 1729 qnos
1005 1630 1064 1704 ine
1080 1629 1125 1703 ad
1140 1629 1357 1708 defendenda

294 1773 377 1819 cum
394 1744 607 1820 satellitibus
623 1747 695 1818 suis
711 1746 842 1847 oppida
856 1773 916 1820 sua
931 1747 1125 1848 diligenter
1142 1751 1354 1850 composuit.

294 1866 372 1938 Hoc
393 1862 540 1939 audiens
564 1863 676 1938 Fulco
694 1864 924 1940 vehementer
939 1866 1076 1955 doluit,
1102 1883 1140 1940 et
1160 1866 1356 1942 undecum-

293 2008 365 2083 que
375 1981 572 2058 contractis
586 1979 722 2055 viribus
736 1998 892 2054 castrum
899 1981 1075 2057 Johannis
1084 1982 1244 2059 obsedit.
1256 1983 1355 2062 Hod-

294 2099 349 2171 lus
376 2125 524 2199 quoque
557 2125 676 2173 comes
704 2099 762 2196 (4)
791 2124 875 2171 cum
902 2097 1138 2175 multitudine
1167 2100 1353 2176 Britouum

292 2214 443 2289 Fuiconi
464 2215 642 2314 suppetias
667 2215 785 2301 venit,
806 2232 943 2287 etcum
964 2239 1010 2290 eo
1031 2212 1208 2289 Johannis
1232 2221 1306 2293 vim
1323 2232 1353 2289 et

293 2359 378 2430 opes
394 2333 525 2405 acriter
541 2345 723 2404 coarctare
740 2330 890 2404 studuit.
908 2330 1123 2407 Gnillelmus
1138 2348 1264 2407 autem
1284 2359 1350 2417 m,

293 2465 335 2520 ut
358 2463 495 2520 tantam
514 2446 785 2521 multitudinem
800 2475 944 2549 gyrasse
959 2474 1042 2522 suos
1063 2449 1234 2548 agnovit,
1254 2448 1352 2549 saguli

292 2566 412 2640 edicto
428 2566 658 2639 Normannos
675 2581 712 2638 et
732 2566 868 2666 Anglos
886 2567 1018 2639 iterum
1037 2566 1190 2654 excivit,
1207 2565 1354 2666 aliasque

293 2681 361 2754 sibi
376 2680 534 2754 subditas
548 2699 671 2780 gentes
686 2697 728 2753 ut
742 2682 847 2756 sortis
861 2684 1029 2784 magister
1044 2683 1205 2756 miiitum
1217 2681 1354 2782 nangie-

295 2796 411 2888 bavit,
430 2826 489 2886 ae,
513 2813 554 2871 ut
569 2796 713 2886 ferunt,
731 2802 911 2902 sexaginta
927 2801 1041 2873 millia
1053 2800 1219 2901 equitum
1236 2814 1353 2875 uontn

294 3017 549 3028 ...ῃ-ἀ-..-
557 3017 651 3025 --...
667 3017 935 3026 *ψ

326 3143 339 3214 (
343 3144 367 3213 1)
384 3137 696 3213 Foulques-le-Rechim
706 3148 797 3193 comte
809 3138 930 3209 d’nnjou
941 3139 969 3207 (4
982 3136 1050 3192 avril
1063 3137 1182 3214 106qu
1191 3139 1262 3196 mit
1275 3144 1353 3213 ¹¹⁰9)-

327 3239 367 3302 (α)
385 3229 547 3288 Guillaume
564 3228 600 3283 de
613 3227 921 3293 Montius-tustanus,
938 3228 1058 3299 premier
1072 3227 1110 3282 du
1127 3246 1208 3297 uum,
1223 3248 1280 3305 que
1292 3245 1354 3286 nous

291 3333 485 3377 retmuverom
497 3318 625 3390 ci-aprts.

325 3409 365 3482 (3)
383 3408 491 3464 Robert
501 3407 537 3462 de
550 3407 739 3462 viena-Pom.
758 3405 781 3460 lt
794 3407 879 3460 existe
890 3405 964 3460 deux
975 3423 1139 3461 communes
1152 3405 1190 3463 de
1202 3426 1237 3464 ee
1248 3426 1312 3465 nan
1321 3426 1354 3464 eu

292 3499 477 3562 normannie,
493 3497 567 3552 l'une
580 3498 643 3570 pres
661 3484 804 3563 huncine,
821 3495 920 3551 l'aune
938 3493 1007 3551 dana
1025 3495 1052 3551 le
1064 3513 1131 3570 pays
1147 3495 1267 3572 d’Auge.
1283 3497 1355 3553 Nous

290 3605 409 3664 pensons
417 3585 484 3661 qn‘il
496 3585 576 3659 s’agit
587 3586 624 3639 ici
636 3584 672 3639 de
682 3595 753 3638 nette
765 3581 907 3651 dei-niem,
918 3582 1046 3639 d'autant
1058 3583 1120 3657 plus
1129 3584 1215 3659 qu’ou
1226 3584 1354 3641 vonum

291 3699 346 3733 une
360 3678 456 3733 charte
475 3675 510 3730 de
527 3676 616 3730 Henn'
636 3677 669 3730 1³
686 3695 721 3729 en
739 3674 834 3729 savena
847 3673 882 3729 de
900 3673 1352 3733 Nom-namanesuintt’im·

291 3770 436 3833 sur-Diae,
452 3767 477 3821 le
492 3776 643 3839 patromge
657 3764 692 3819 de
706 3765 886 3820 Yieux-Pont
906 3764 999 3819 donne
1016 3768 1032 3819 'a
1050 3776 1124 3821 nette
1139 3766 1247 3839 abbaye
1258 3784 1308 3842 pu·
1319 3784 1352 3820 uu

291 3859 397 3914 Roburt
414 3858 449 3912 de
466 3857 659 3919 Visun-Pom,
677 3857 886 3927 contemporain
905 3854 939 3909 de
951 3855 1352 3932 (inillaumede-(bnqufflnt

291 3947 382 4015 (Nutu
391 3957 417 3997 e!
425 3946 539 3998 cnnn'lae'a
550 3948 640 4013 patris
649 3947 713 4008 mei,
723 3943 764 3997 dit
780 3945 865 3998 Henri
878 3945 934 4015 1“),
950 3945 998 4017 qui
1009 3942 1070 3999 doit
1081 3945 1141 3999 etue
1154 3944 1181 3999 le
1192 3945 1285 4001 πιὲωε
1294 3962 1351 4018 per·

290 4053 412 4104 sonnage
424 4053 479 4107 qne
492 4033 615 4087 celui-ci.

326 4125 363 4189 (ί)
383 4123 452 4176 tine!
470 4123 504 4181 b,
518 4120 571 4172 duc
584 4120 618 4173 de
631 4121 765 4191 bretagne
779 4125 786 4155 f
794 4119 908 4174 sub-153
922 4121 989 4175 avril
1005 4121 1091 4189 1084).
