2768 5094
256 110 282 239 i

61 395 271 472 [noer-ress]
314 354 329 381 ’
435 388 752 453 nucerennus.
788 348 822 447 .'
859 446 866 465 ,
1074 389 1133 454 na

10 536 17 557 ·
61 513 199 612 poterit.
218 510 383 586 Tandem
399 509 647 612 magnanimus
664 510 738 585 dux
755 504 898 609 Hugoni
916 508 961 581 de
977 505 1136 585 Grents·

62 628 260 719 maisnilio,
267 629 330 730 qui
344 627 466 702 audaci
479 625 660 729 probitate
671 644 708 700 et
719 625 919 726 dapsilitate
931 625 1136 727 praecipuus

61 760 163 836 erat,
183 744 336 822 oonsilio
363 735 508 846 Rogerii
533 744 579 819 de
600 743 957 834 Monte-Commio,
979 743 1041 844 qui
1064 741 1135 817 sibi

62 863 176 937 nimis
187 864 318 938 vicinae
335 862 544 939 fortitudini
559 867 634 962 ejus
651 860 851 951 invidebat,
870 863 977 963 eique
992 859 1138 935 amuda·

61 980 144 1055 lum
168 979 331 1081 qualibet
358 996 437 1056 arte
463 980 520 1054 vel
549 996 682 1057 eventu
706 992 923 1080 praestruere
949 976 1137 1079 cupiebat,

61 1096 281 1197 praedietum
300 1098 476 1198 oppidum
494 1125 576 1171 cum
593 1096 753 1172 Geroldo
770 1095 932 1196 dapifero
948 1118 1142 1171 commen·

62 1210 185 1303 davit,
203 1229 240 1288 et
255 1213 482 1288 medietatem
500 1211 611 1287 dedit.
628 1212 676 1286 Ar
694 1211 754 1284 iile
771 1213 964 1286 tuitionem
979 1209 1142 1310 prefatae

64 1330 286 1405 munitionis
302 1346 487 1433 gratanter
505 1331 683 1431 suscepit,
712 1330 859 1432 Deoque
877 1333 1028 1429 jurante
1045 1329 1142 1404 intra

64 1471 187 1520 unum
203 1472 341 1521 anuum
357 1447 449 1525 duos
465 1447 733 1521 Belvacensium
748 1446 930 1520 maximoe
949 1446 1142 1546 optimates

66 1564 187 1665 cepit,
202 1565 483 1667 conterritisque
493 1565 641 1667 reliquis
653 1563 816 1639 hostibus
827 1578 942 1638 totam
954 1563 1143 1664 regionem

66 1681 109 1753 iu
127 1680 192 1756 illo
209 1681 352 1757 ciimate
368 1683 582 1783 pacificavit.

118 1796 407 1875 Novo-Mermto
423 1817 581 1902 quatuor
598 1802 762 1875 canonici
781 1799 962 1876 ecclesiam
988 1801 1026 1874 S.
1046 1799 1144 1875 Petri

65 1915 223 2016 apostoli
240 1914 490 2017 possidebant,
504 1917 565 1992 sed
581 1918 646 1993 Dei
665 1917 805 1990 cultum
820 1917 1046 2019 negligenter
1060 1941 1145 2016 age-
1190 2016 1195 2028 ἴ

66 2037 177 2124 bant,
197 2034 379 2138 vitamque
402 2061 502 2109 suam
526 2035 685 2108 multum
708 2035 927 2108 soeeulariter
945 2032 1140 2108 ducebant.
1192 2038 1213 2111 ⁸:

68 2149 177 2225 Unde
192 2152 441 2252 magnanimus
456 2154 562 2253 Hugo
577 2152 825 2241 medietatem,
844 2176 927 2252 quae
949 2148 1015 2224 sibi
1039 2173 1145 2227 oom-

67 2265 238 2366 petebst,
257 2268 415 2343 eoelesiae
425 2323 436 2359 ,
463 2267 649 2344 monacbis
665 2271 702 2343 S.
722 2267 867 2344 Ebndfi
887 2269 1064 2344 concessit
1081 2266 1144 2342 uti

68 2400 220 2475 tenore,
241 2402 283 2460 ut
298 2385 387 2462 dum
402 2402 521 2461 morte
536 2387 590 2463 vel
603 2387 676 2460 alio
694 2385 861 2488 quotibet
879 2410 961 2459 casu
978 2385 1145 2460 canonici

67 2501 286 2594 deficerent,
306 2503 474 2580 monachi
492 2505 736 2579 succederent.
757 2505 864 2601 Quod
880 2518 918 2577 et
940 2503 986 2576 itu
1005 2501 1145 2578 sactum

67 2636 136 2692 est.
169 2618 261 2693 Nam
289 2619 431 2695 duobus
458 2622 662 2711 cartonicis,
689 2623 753 2723 qui
783 2622 820 2694 in
849 2636 951 2722 parte
981 2619 1144 2722 Hugonis

67 2754 195 2823 erant,
217 2737 300 2812 inde
320 2739 606 2829 discedentibus,
629 2739 797 2813 monachi
820 2754 1087 2825 successerunt,
1107 2752 1146 2813 et

66 2855 228 2929 ecclcsiae
247 2856 473 2931 medietatem
491 2884 602 2957 usque
618 2855 724 2931 bodie
740 2854 995 2956 possederunt3
1020 2851 1142 2953 ibique

68 2971 269 3048 Rotbertm
300 2973 429 3047 Calvus
460 2990 496 3047 et
524 2973 698 3048 Radulsus
727 2972 771 3046 de
802 2971 964 3046 Rosseria
995 2994 1142 3044 necnon

66 3089 226 3163 ioannes
243 3088 288 3163 de
303 3089 450 3164 Belnaio
465 3091 547 3188 (r),
563 3089 696 3190 aliique
712 3086 819 3189 probi
836 3085 947 3163 modo
960 3083 1144 3160 babitare-

68 3223 175 3279 runt.

120 3324 287 3419 Quodam
305 3343 468 3428 tempore
485 3330 583 3402 inter
598 3353 691 3427 saepe
708 3326 936 3400 nominatum
951 3325 1142 3423 Hugouem

66 3441 310 3518 etRadulsnm
318 3447 489 3519 comitem
498 3442 865 3540 Medantensium(a)‚
878 3440 1033 3540 Philippi
1049 3438 1143 3541 segis

68 3803 82 3836 a
98 3784 188 3837 tuna
203 3779 237 3835 Ν.
256 3781 293 3835 0.
312 3779 348 3834 dr
365 3780 502 3836 beauvais.
517 3780 612 3846 Quant
631 3795 665 3833 su
680 3777 788 3833 cdldbn
801 3777 917 3832 (Μίαν
931 3774 967 3829 dr
985 3774 1142 3843 Ges-berni,

67 3883 132 3926 tout
142 3868 341 3925 temondrssit
351 3869 419 3943 qu'i!
434 3870 499 3923 &tait
511 3871 606 3922 eruet
621 3887 628 3921 ι
643 3865 715 3923 tirus
725 3878 753 3922 et
762 3865 855 3920 demis
864 3864 899 3920 N.
911 3865 943 3920 E.
954 3863 990 3918 de
1002 3862 1141 3920 Gonane

104 3989 146 4049 (t)
166 3980 201 4034 [Δ
216 3979 372 4034 timere.
388 3980 480 4052 Voyer
494 3978 630 4034 cidrssus
644 3996 671 4050 p.
689 3973 991 4050 17.-Probsbisment
1004 3972 1141 4038 Βαωί,

67 4078 172 4121 assos
183 4064 220 4118 de
232 4063 326 4118 Τὸω.

106 4174 145 4235 (a)
164 4164 255 4221 Rsonl
271 4165 295 4220 ΙΙ
313 4162 356 4221 dit
370 4165 394 4221 te
407 4163 521 4231 Grand,
535 4172 627 4220 conte
644 4159 680 4218 de
692 4159 777 4232 crept
789 4168 818 4215 rt
830 4156 866 4215 ds
881 4155 991 4223 vitoe,
1009 4156 1096 4212 wid
1106 4172 1143 4210 eu

974 4252 993 4280 υ
