2790 5084
58 107 176 183 iimo]
440 104 798 225 trsmousnrusg
1088 113 1146 173 ns

60 224 163 322 regia
189 224 226 296 vi
253 224 490 323 mpescuit.
511 225 618 299 Tunc
635 223 771 299 Geso-c
786 225 1032 301 munitionem
1053 251 1148 303 con-

59 336 184 424 ssis,
206 354 246 414 et
262 341 300 413 in
316 342 524 415 reversione
539 366 600 413 sua
617 342 712 443 apud
732 340 896 417 Estal'ort
920 341 1070 417 alteram
1088 345 1147 418 lo-

61 459 185 543 orit,
215 457 349 532 milites
370 473 408 532 et
431 458 619 533 alimonias
643 457 786 534 abunde
806 456 1005 560 utrobique
1026 460 1148 560 impo-

60 575 150 645 suit.
162 575 383 648 Perveniens
395 575 479 648 inde
491 573 729 647 salesburiam
741 578 888 674 praemia
904 573 1080 650 militibus
1095 574 1146 649 ibi

61 714 137 788 po
148 706 253 762 tanta
267 689 458 763 tolerantia
474 690 669 790 largissime
681 688 882 778 distribuit,
896 689 1148 765 benemeritos

60 804 310 892 collaudavit,
330 823 368 880 et
389 832 471 878 cum
492 807 606 906 gratia
628 805 740 879 multa
762 806 912 883 dimisit.
939 807 1148 881 Desertorcs

59 940 192 996 asten
208 920 252 995 sd
274 923 350 995 dies
367 947 412 996 χι
432 923 525 996 ultra
545 923 740 996 discessum
764 923 1058 996 commilitonum
1082 947 1150 1024 per

61 1040 360 1141 indignationem
380 1041 555 1128 retinnit,
574 1067 686 1141 caque
703 1064 813 1139 poena
829 1038 1022 1125 delictum,
1046 1037 1147 1141 qnod

60 1162 166 1258 pejus
182 1160 337 1246 meruit,
357 1159 555 1259 castigavit.

114 1277 180 1348 Vl.
198 1277 285 1350 Post
298 1275 376 1350 baec
389 1276 607 1351 Guillelmus
620 1303 683 1350 rex
701 1277 929 1351 Dominicam
947 1278 1146 1351 Resurrec-

10 1470 15 1495 ἶ
62 1396 208 1468 ticum
224 1393 263 1466 in
280 1390 373 1466 urbe
388 1394 532 1468 Gucnta
547 1392 759 1477 celebrarit,
775 1392 838 1466 ubi
853 1393 1050 1469 cardinales
1069 1396 1147 1470 llo-

10 1576 12 1581 .
60 1538 186 1585 nne
205 1512 365 1586 ccclesiae
388 1538 562 1588 coronam
584 1515 615 1584 ei
642 1511 854 1585 solemniter
877 1513 1144 1612 imposuerunt.

61 1631 157 1703 Naro
177 1657 223 1704 er
242 1631 419 1730 petitione
440 1631 550 1731 ipsius
569 1629 771 1704 Alexander
792 1656 880 1729 papa
905 1645 976 1702 tres
996 1630 1145 1705 idoneos

62 1751 93 1821 ci
112 1763 157 1818 at
176 1748 363 1821 osriuimo
378 1747 454 1821 lilio
467 1747 646 1844 legaverat
660 1747 812 1818 vicarios
832 1774 840 1816 t
862 1744 1145 1819 Ermenirednm

63 1864 282 1962 pontificem
316 1865 566 1952 Sedunorum,
606 1879 643 1938 et
675 1864 767 1936 duos
797 1864 992 1936 canonicos
1026 1861 1146 1936 cardi·

64 1981 164 2054 ualrs
178 1982 255 2078 (1).
271 1979 372 2073 Quos
387 1981 481 2080 apud
499 2006 537 2054 se
555 2005 679 2053 annuo
695 1978 811 2053 ferme
830 1982 948 2079 spatio
965 1981 1143 2069 retinuit,

10 2176 13 2184 ,
61 2097 217 2173 audieus
251 2113 291 2172 et
321 2096 506 2171 honorans
531 2124 592 2172 eos
618 2112 790 2197 tanquam
818 2096 963 2195 angelos
989 2097 1070 2170 Dei.
1102 2099 1144 2170 ln

10 2302 13 2307 ι
62 2216 218 2289 dirersis
235 2213 342 2302 locis,
361 2215 399 2288 in
416 2215 585 2314 plurimis
602 2213 755 2312 negotiis
769 2215 823 2285 sic
839 2240 963 2313 mere,
981 2215 1076 2285 sient
1093 2215 1147 2288 in·

10 2395 12 2399 .
63 2334 165 2433 diga»
178 2333 366 2405 canonicae
381 2332 658 2407 examinationis
669 2346 706 2404 et
724 2330 966 2405 ordinationis
980 2333 1146 2432 regiones

66 2449 346 2526 illasdinorese.
366 2451 523 2523 Maxima
540 2476 681 2524 vernae
695 2450 848 2523 utillima
865 2451 1026 2550 synodus
1039 2451 1147 2524 Win-

65 2570 228 2644 omns
252 2571 310 2667 (a)
330 2567 505 2642 celebrata
530 2584 584 2641 est
607 2592 705 2642 anuo
729 2583 770 2640 rr⁰
794 2580 882 2639 nxx⁰
905 2566 952 2639 ab
975 2570 1145 2640 lucarna-

68 2690 170 2762 tioue
189 2687 351 2760 Domini.
373 2687 447 2760 Rex
464 2702 502 2760 et
517 2684 713 2758 cardinales
733 2685 849 2759 eidem
866 2686 1025 2759 concilio
1048 2711 1147 2784 prae-

69 2805 267 2892 sederunt,
298 2820 336 2876 et
372 2803 447 2876 illic
482 2801 697 2903 stigandum
733 2801 873 2901 pridem
909 2800 1146 2901 reprobatum

69 2921 297 2996 metensis
311 2917 572 3019 deposuerunt.
592 2918 764 3013 Perjmiis
776 2918 874 2990 enim
891 2933 928 2990 et
942 2917 1146 2990 homicidiis

72 3041 284 3141 inquinatus
299 3052 395 3125 erat,
414 3063 481 3110 nec
501 3063 569 3135 per
591 3038 726 3110 ostium
751 3035 788 3107 in
811 3034 1146 3134 archipraesulatum

10 3210 15 3223 .
73 3160 278 3232 introierat,
299 3156 392 3230 Nam
409 3182 429 3229 a
454 3152 598 3228 dnobns
617 3154 836 3253 episcopiis:
864 3152 1090 3227 Norsnlcano
1110 3168 1148 3226 et

71 3272 267 3350 Gaenmw
287 3271 438 3346 nefanda
456 3273 667 3374 gradatione
683 3268 894 3344 ambitionis
910 3284 947 3342 et
971 3269 1148 3369 supplan·

10 3451 12 3457 .
74 3393 220 3467 tationis
235 3388 456 3464 ascenderat.
475 3389 696 3490 Sullraganei
711 3412 858 3489 qnoque
870 3385 1010 3487 aliquot
1020 3384 1146 3486 dejecti

577 3553 584 3560 ι
610 3545 788 3558 ——d

101 3631 138 3697 (a)
159 3622 340 3690 burno,
363 3625 467 3699 nsque
485 3624 520 3679 de
539 3624 623 3689 Sion,
638 3633 668 3678 et
686 3624 724 3679 les
742 3621 893 3677 cardimus
911 3623 1006 3678 Pierre
1021 3634 1050 3678 et
1066 3623 1146 3677 lean.

10 3700 12 3705 ’
75 3718 179 3775 ϋηο
192 3726 238 3773 ess
254 3716 446 3772 winchester.

102 3816 141 3880 la)
160 3807 315 3865 rra-dm.
335 3808 372 3862 Le
388 3807 494 3863 concile
511 3807 588 3861 n‘eot
606 3823 653 3878 pas
670 3805 728 3860 lieu
739 3803 808 3858 dans
820 3813 892 3860 cette
903 3801 1064 3868 residenoe,
1079 3803 1147 3857 mais

10 3914 13 3919 ·
78 3905 124 3953 ,tt
135 3903 291 3962 iselsester,
308 3897 549 3952 imrrsr'diatemeot
562 3897 641 3968 apros
655 3895 769 3969 Ptqnes
