2768 5094
161 404 220 465 lib
434 403 618 465 HISTORIA
641 401 945 463 EcctESltSTlct.

160 544 278 612 suum,
298 523 431 598 ibidem
446 523 595 611 obtulit,
613 539 649 596 et
666 524 739 622 ipse
751 539 833 622 post
848 521 993 596 obitum
1007 524 1150 624 Rogerii
1162 553 1204 600 oo
1238 521 1249 574 ⁵

159 639 780 739 mitismouacbilescbemasuscepit.
790 638 844 712 lbi
854 641 1206 717 vnannissecuurlum
1241 639 1249 680 ¹

159 780 322 830 normam
339 756 449 829 sancti
472 757 580 855 patris
599 755 781 830 Benedicti
803 753 1000 829 monachus
1016 756 1097 839 Deo
1112 759 1207 831 serri-
1244 756 1249 797 ¹

158 873 225 961 sit,
239 888 275 945 et
291 871 379 947 seria
397 881 448 943 vr·
466 870 697 945 hebdomadae
710 872 935 946 Pentecostes
947 887 1033 971 post
1045 872 1207 973 plurimos

158 987 316 1077 labores,
343 1013 434 1088 quos
459 1014 527 1087 pro
554 989 629 1063 Deo
659 988 829 1088 pertulit,
858 986 968 1063 flebili
996 986 1207 1064 ooulessione
1248 1007 1249 1016 ’

156 1121 274 1178 reatus
303 1131 385 1180 suos
409 1104 607 1206 detegendo
629 1107 738 1195 texit,
764 1123 800 1180 et
821 1132 916 1178 sacra
939 1108 1119 1183 unctione
1139 1135 1207 1207 pm

158 1235 287 1294 unctus
306 1236 342 1295 et
359 1222 489 1295 viatico
505 1221 688 1311 munitus,
709 1238 767 1293 111⁰
790 1247 903 1297 nouas
922 1220 1019 1322 junii
1038 1221 1163 1321 obiit(
1181 1225 1245 1321 ).1

161 1337 333 1436 llogerius
357 1352 478 1412 autem
499 1364 619 1412 comes
637 1354 720 1438 post
739 1355 895 1414 mortem
911 1339 1099 1415 Guillelmi
1118 1340 1207 1415 notbi

151 1448 219 1527 ‘sex
241 1456 343 1527 aunis
368 1457 481 1547 vixit,
508 1470 544 1529 et
566 1455 748 1557 longaevus
773 1456 878 1532 beros
904 1459 1000 1533 inter
1018 1460 1208 1559 praecipuot

157 1570 347 1668 optimates
356 1570 495 1672 Angliae
507 1569 653 1660 lloruit;
667 1585 703 1645 et
717 1570 910 1660 abbatiam,
919 1596 1029 1672 quam
1040 1598 1126 1647 eum
1139 1600 1208 1650 oon·

158 1687 325 1760 struxisse
337 1686 425 1775 dixi,
439 1689 595 1760 territae
610 1687 809 1762 redditibus
823 1689 1057 1765 mediocriter
1069 1688 1210 1792 loeuple-

158 1803 260 1874 tavit.
277 1799 328 1874 lbi
339 1805 453 1902 (anno
465 1815 507 1876 u⁰
518 1817 579 1876 xc·
593 1793 657 1901 nr)
667 1805 724 1903 (2)
735 1806 865 1878 v1⁰lral.
879 1807 1017 1907 augusti
1029 1805 1210 1881 defunctus

156 1933 230 2004 est,
245 1919 332 1992 etin
347 1919 487 1993 basilica
500 1946 591 1994 nova
606 1921 701 1994 inter
717 1921 790 1996 duo
805 1922 928 1995 altaria
944 1920 1148 1999 honorifice
1162 1950 1211 1999 se·

156 2035 278 2133 pultus
295 2050 360 2108 est.
381 2035 585 2112 Rodbertus
599 2063 698 2126 vero,
717 2038 811 2112 filius
826 2043 918 2139 ejus,
935 2055 1057 2114 totum
1071 2040 1210 2115 feudum

156 2156 230 2250 ejus
250 2153 287 2225 in
301 2152 523 2226 Normannia
540 2157 636 2228 solus
652 2152 833 2245 obtinuit,
854 2171 890 2229 et
905 2157 988 2257 quia
1007 2157 1162 2232 crudelis
1179 2173 1211 2232 et

156 2267 329 2368 superbus
345 2284 382 2343 et
395 2268 495 2343 valde
508 2296 662 2371 nequam
677 2286 770 2360 erat,
787 2273 991 2346 innumeras
1012 2274 1212 2375 iniquitates

155 2386 328 2457 exercuit.
346 2386 451 2485 llugo
466 2399 584 2459 autem
599 2387 644 2460 de
658 2389 985 2463 Monte-Gomeriei
1005 2391 1212 2464 eomitatum

156 2501 425 2576 Scrobesbnriae
434 2502 572 2591 babuit,
584 2504 644 2577 sed
655 2520 735 2603 post
743 2505 881 2606 aliquot
893 2532 1022 2594 annos,
1036 2532 1056 2579 a
1068 2506 1210 2608 Magno,

155 2618 266 2691 fratre
278 2620 371 2720 regis
384 2618 742 2719 Northwigenarum,
761 2636 908 2722 repente
920 2622 1044 2696 missili
1061 2623 1212 2724 persora

158 2750 231 2833 tus,
251 2737 286 2808 in
305 2735 427 2809 littore
444 2738 551 2809 maris
564 2739 735 2812 occubuit
750 2741 822 2837 (3);
839 2764 965 2840 quem,
985 2764 1070 2813 cum
1085 2767 1212 2842 magno

157 2849 505 2951 luctudeportatum,
518 2852 848 2927 scrobesburiensis
857 2869 1055 2928 conventus
1064 2857 1101 2929 iu
1109 2856 1214 2929 olaus

157 2988 215 3046 tro
229 2973 419 3045 tumulavit
433 2974 503 3071 (4).
520 2976 608 3047 Aliis
621 2982 766 3075 quoque
779 2974 918 3047 duobus
934 2973 1017 3049 liliis
1033 2978 1107 3052 suis
1121 3008 1130 3049 τ
1148 2979 1216 3052 llo·

188 3273 227 3342 (r)
245 3270 323 3324 Nous
339 3284 457 3340 pensons
473 3285 528 3342 que
547 3265 653 3322 l'aunee
671 3271 686 3321 t
705 3266 821 3342 laquelle
840 3286 884 3323 ces
897 3266 1020 3324 doouoea
1031 3269 1214 3348 s'appliqmt

154 3377 217 3414 avec
227 3359 252 3413 le
263 3358 324 3431 plus
333 3354 369 3410 de
378 3354 590 3410 vraiaemblanoe
598 3366 641 3409 eat
649 3353 716 3409 oelle
726 3353 761 3410 de
774 3371 849 3410 noa.
859 3356 896 3410 le
905 3350 1008 3411 numdi
1017 3354 1052 3411 (le
1061 3356 1088 3413 Ιι
1096 3361 1214 3416 maine

154 3446 189 3502 de
201 3447 226 3501 la
238 3444 386 3501 Pentecbts
400 3443 545 3516 ytombait
556 3444 582 3498 le
595 3442 625 3500 31
639 3445 707 3510 mai,
721 3451 820 3518 quatre
828 3443 908 3514 joun
921 3453 1001 3500 amnt
1012 3443 1067 3502 105
1079 3446 1154 3518 juin.
1168 3447 1212 3504 On

154 3547 222 3609 peut
233 3550 366 3608 mpposer
377 3551 432 3607 que
444 3533 469 3587 le
482 3534 548 3606 pere
561 3531 597 3587 de
609 3542 689 3587 notre
708 3539 808 3587 auteur
821 3533 914 3588 u'aura
926 3535 983 3607 pris
995 3532 1095 3591 l¹babit
1105 3553 1212 3593 mouu-

154 3629 232 3701 tique
238 3643 293 3700 que
304 3625 371 3679 daus
380 3624 405 3678 le
414 3633 530 3679 cooraut
539 3624 574 3678 de
583 3622 688 3678 l'anue'e
695 3623 743 3697 qui
754 3623 837 3678 suirit
847 3622 954 3679 lamort
961 3622 1000 3679 du
1007 3635 1101 3681 sonate
1110 3624 1211 3701 lloger.

189 3719 228 3786 (a)
245 3718 327 3772 Cette
338 3715 402 3770 date
414 3723 456 3769 est
468 3731 568 3769 encore
577 3731 633 3768 une
644 3712 840 3787 interpolation
853 3712 986 3771 moderno
996 3712 1065 3772 daut
1076 3714 1105 3772 le
1116 3734 1212 3774 manu·

155 3806 221 3859 serit
233 3805 269 3859 ‹ls
282 3793 497 3860 sumbernun.

188 3891 227 3962 (ὅ)
248 3895 282 3946 lae
295 3910 328 3966 η
339 3893 430 3963 juillet
448 3897 522 3965 ¹⁰9⁴·

188 3985 227 4051 (l)
246 3981 321 4035 Nous
340 3983 530 4036 examinemus
542 3980 580 4034 tes
593 3982 792 4035 circonstanoes
810 3981 845 4036 de
865 3994 908 4036 cet
926 3985 1088 4038 e'reuenteut
1107 3981 1212 4041 danais

154 4070 221 4124 livre
236 4088 266 4134 s,
281 4071 317 4121 οὺ
335 4068 353 4122 il
371 4079 411 4122 eet
426 4072 536 4122 raconte'·
549 4086 610 4122 avec
628 4068 689 4140 plus
704 4068 853 4125 d’etendue
865 4081 892 4124 et
906 4069 1040 4146 quelques
1052 4070 1213 4129 differtum

157 4158 288 4214 notables.
