2768 5094
32 392 243 470 [imoimo]
407 390 724 452 trasumenus.
1058 398 1096 458 n

31 513 211 587 variarum
228 510 382 583 stimulis
399 512 640 585 tentationum
655 512 885 611 impugnare,
907 530 944 586 et
959 541 1024 613 per
1037 541 1098 590 eos

30 656 123 728 quos
139 643 259 727 potest
276 625 467 700 mundanae
485 628 631 700 vanitati
648 626 854 726 subjugare,
875 629 913 701 iu
927 630 1098 730 simplici·

31 761 104 820 tate
125 744 310 818 catholicae
329 743 409 818 fidei
432 743 629 843 prudenter
649 745 853 844 vigilantes,
874 761 909 820 et
932 747 969 819 in
983 749 1097 821 virtu·

30 878 110 934 tum
143 861 301 934 culmine
335 859 489 935 viriliter
521 877 654 935 tuntas
689 862 861 937 atrociter
891 864 1093 940 molestare.

29 975 136 1050 Unde
153 975 242 1049 dum
261 975 405 1050 vidisset
423 977 583 1076 regulare
600 979 859 1051 monasterium
879 979 915 1051 in
936 979 1095 1055 Uticensi

27 1092 123 1165 saltu
137 1092 339 1192 opitulante
359 1094 434 1167 Deo
450 1094 662 1182 surrexisse,
681 1110 718 1168 et
731 1093 972 1170 Teodericum
988 1095 1096 1171 abba·

28 1228 103 1285 tem
121 1212 158 1286 ia
175 1210 287 1285 verbo
304 1229 341 1285 et
356 1213 568 1311 operatione
584 1213 709 1286 multis
725 1210 912 1286 animabus
922 1217 1096 1313 juvenum

25 1345 136 1430 atque
162 1355 290 1403 senum
312 1329 448 1431 oppido
469 1329 659 1428 prodesse,
686 1328 914 1404 exardescens
938 1330 1092 1420 invidia,

25 1471 97 1547 qua
112 1445 378 1545 protoplastum
395 1444 509 1517 Adam
529 1472 594 1543 per
612 1445 714 1518 vetiti
734 1444 873 1518 fructus
888 1461 1034 1547 gustum
1049 1445 1095 1520 de

24 1563 191 1663 paradiso
208 1562 364 1663 expulit,
382 1563 599 1639 llotbcrtum
612 1564 772 1662 priorem
790 1579 916 1637 contra
928 1563 1095 1640 abbatem

23 1707 134 1753 suum
145 1696 228 1780 post
239 1679 429 1753 discessum
441 1680 625 1753 Willernri
640 1679 810 1754 Geroiani
825 1681 1023 1755 insolenter
1033 1708 1094 1756 ex·

24 1800 171 1885 citarit3
190 1824 388 1900 magnaque
401 1796 621 1871 dissensione
637 1796 701 1869 diu
714 1795 931 1896 perdurante
943 1796 1095 1873 mobiles

25 1914 273 2012 subjectorum
294 1917 433 1988 animos
455 1916 610 2013 graviter
635 1915 860 2014 inquietavit.
889 1916 977 1987 Erat
1000 1916 1094 1988 idem

27 2030 227 2105 ltotbutus
242 2035 299 2130 (ut
313 2031 475 2130 superius
488 2031 571 2101 satis
584 2028 722 2101 dictum
737 2030 812 2125 est)
829 2028 1012 2128 praeclaroe
1026 2056 1096 2104 uo-

25 2148 197 2236 bilisarii,
215 2151 326 2223 frater
339 2149 474 2223 scilieet
488 2148 650 2247 Hugonis
662 2146 706 2220 de
719 2145 1018 2235 Grentemaisnil;
1035 2150 1091 2221 eui

24 2265 145 2339 adhuc
160 2268 274 2341 inerat
288 2266 435 2366 puerilis
443 2266 567 2339 leuitas
575 2281 611 2337 et
628 2263 846 2338 indomitum
860 2262 1096 2366 roboratque

25 2383 207 2455 mutaris
223 2383 387 2456 ambitio.
415 2386 456 2456 ln
478 2383 637 2457 castitate
658 2399 765 2482 atque
784 2382 862 2454 aliis
879 2379 1094 2483 quibusdam

25 2503 136 2573 sacris
153 2501 426 2575 charismatibus
448 2515 525 2575 crat
545 2497 751 2585 laudabilis;
768 2499 828 2572 sed
851 2514 1011 2573 econtra
1029 2502 1094 2598 (ut

27 2618 173 2691 Flaccus
189 2621 260 2714 ait)

270 2764 347 2820 llibil
358 2775 399 2819 est
412 2765 447 2819 ab
460 2766 535 2820 omni
551 2774 628 2838 parte
641 2763 752 2819 beatum
764 2764 812 2835 (ι).

27 2893 64 2963 in
84 2893 272 2967 nonnullis
290 2893 445 2966 reatibus
460 2910 536 2966 erat
550 2890 852 2992 reprehensibilis.
869 2891 959 2963 Nam
978 2890 1013 2962 in
1028 2888 1094 2964 bo·

27 3010 84 3080 nis
100 3035 161 3081 seu
180 3013 279 3083 malis
293 3038 375 3112 qum
391 3011 574 3110 cupiebat,
591 3010 691 3081 velox
707 3006 750 3081 ad
763 3007 1002 3109 peragendum
1017 3020 1094 3081 erat

26 3152 66 3195 ac
80 3125 261 3213 fervidus,
279 3145 314 3200 et
325 3129 454 3201 auditis
467 3131 538 3200 sin·
554 3129 653 3212 risis,
669 3154 750 3227 (puer
767 3123 930 3211 nolebat,
950 3123 992 3197 ad
1009 3124 1093 3196 iras·

27 3243 180 3316 cendum
200 3245 366 3331 festinus,
391 3248 569 3346 magisque
586 3270 734 3344 praesse
752 3268 860 3343 (paraui
878 3240 1036 3329 subesse,
1056 3254 1092 3313 et

29 3364 205 3460 imperare
221 3366 466 3464 potiusquam
486 3362 728 3437 obsecundare
745 3358 905 3459 rupidus.
927 3357 979 3431 Ad
1000 3359 1094 3430 acci·

27 3477 199 3574 piendum
214 3496 321 3581 atque
337 3480 551 3553 adalandum
569 3492 707 3578 apertas
725 3474 877 3549 habebat
894 3501 1037 3560 marsus,
1056 3490 1092 3546 et

26 3620 66 3667 os
83 3614 294 3696 promptum
314 3597 429 3671 lurori
451 3624 515 3671 suo
536 3595 734 3669 satisfacere
757 3592 970 3667 inordinatis
987 3590 1093 3663 lami·

28 3712 148 3784 nibus.
173 3716 222 3786 Et
239 3717 320 3815 quia
344 3717 418 3814 ipse
439 3731 479 3788 ut
495 3714 632 3788 dictum
651 3728 722 3798 est,
743 3711 889 3785 excelsae
906 3708 1093 3811 generosi·

28 3832 109 3901 tatis
127 3831 286 3930 lampade
306 3830 504 3913 renarint,
523 3849 618 3904 etex
640 3829 862 3929 patrimonio
879 3853 944 3900 suo
967 3850 1091 3899 coeno·

29 3996 216 4005 ————
233 3996 681 4007 ——--—--———-—-—
735 3987 1080 4003 ---———·-·-·-

61 4101 95 4143 '¹.
116 4080 184 4133 ttae.
204 4080 248 4133 od.
273 4080 290 4132 l.
311 4100 346 4135 n.
371 4082 412 4137 iti,
429 4100 460 4151 ἰς
485 4084 602 4133 (tavena
618 4077 738 4132 aranda
784 4076 946 4129 balatarum
962 4082 1084 4140 repara

30 4180 182 4237 sertatum
195 4182 277 4239 atque
293 4171 401 4225 lantum
