2768 5094
146 369 206 427 312
424 364 608 425 HISTORIA
631 363 937 425 ucctutltsttct.
1012 365 1208 444 [low-loll}
1254 402 1262 413 ⁴

149 499 191 556 ut
206 482 393 556 laudabilia
407 509 572 583 promam
584 498 620 557 et
637 481 839 557 imitabilia.
856 481 1122 582 Eleemosynas
1134 507 1211 581 pu·

147 600 296 701 peribus
321 598 477 675 libenter
504 590 735 701 porrigebat,
765 599 927 700 largitate
956 615 994 672 et
1020 597 1212 698 dapsilitate

148 719 301 794 solerter
328 736 365 793 et
390 718 590 794 honorilice
612 716 773 819 vigebat.
801 719 841 790 ln
864 715 1004 816 judicio
1034 717 1211 793 vericata

148 836 333 911 subtiliter
350 836 606 938 investigabat,
626 852 663 910 et
676 833 931 910 rectitudinem
942 833 1155 933 procaciter
1167 832 1213 908 tle

53 954 57 969 '
75 1006 79 1017 ,
148 952 295 1027 fendere
313 953 398 1024 satis
413 951 593 1037 inhiabat,
608 951 858 1051 justitiamque
876 950 1018 1023 cunctis
1036 947 1212 1047 postulae
1251 984 1262 1028 ι

149 1068 246 1141 tibus
268 1071 377 1169 gratis
400 1068 604 1142 exhibebat.
626 1070 831 1142 Peccatores
857 1083 975 1141 reatus
999 1092 1086 1142 suos
1104 1066 1214 1138 humi-

150 1187 234 1259 liter
246 1184 462 1259 confitentes
473 1185 629 1258 dulciter
642 1184 877 1284 suscipiebat,
893 1197 930 1257 et
941 1207 1025 1257 vere
1042 1182 1214 1282 poeniten

149 1302 246 1374 tibus
265 1317 405 1375 rectum
418 1317 455 1376 ct
471 1300 611 1375 salubre
625 1301 818 1376 consilium
829 1299 979 1401 provide
993 1292 1212 1401 suggerebat.

149 1420 275 1493 Sacros
293 1417 438 1492 ordines
455 1435 491 1492 et
508 1417 748 1492 dedicationes
770 1432 806 1491 et
828 1417 894 1489 alia
918 1415 1130 1516 hujusmodi
1156 1417 1216 1487 mi-

100 1580 108 1593 ·
150 1535 297 1608 nisteria
322 1534 487 1634 religiose
512 1552 548 1608 et
574 1535 727 1609 sollicite
754 1529 966 1634 peragebat,
996 1533 1057 1607 sed
1081 1531 1129 1604 ad
1152 1529 1219 1604 baec

150 1652 283 1750 agenda
302 1651 420 1726 lentus
440 1667 515 1724 erat
532 1667 568 1725 et
585 1654 645 1725 vix
663 1648 887 1751 assurgebat,
906 1675 993 1737 nec,
1013 1648 1084 1722 nisi
1104 1646 1220 1723 miultis

151 1767 355 1843 multorum
364 1767 532 1869 precibus
546 1771 715 1840 incitatus
728 1782 932 1868 cogeretur,
945 1766 1120 1853 inchoare
1133 1765 1220 1839 vole·

152 1884 226 1958 bat.
255 1889 298 1959 ln
324 1887 467 1961 ecclesia
495 1887 711 1960 Luxoviensi
736 1911 779 1958 eo
804 1902 966 1983 tempore
995 1880 1222 1957 honorabiles

152 2017 257 2076 erant
268 2028 432 2101 personas
446 2018 482 2074 et
496 2001 650 2075 illustres
663 1999 905 2074 archidiaconi
915 2016 1023 2102 atque
1034 2001 1220 2073 canonici:

153 2117 368 2192 Guillelmus
396 2118 440 2192 de
471 2116 687 2190 Glandivilla
716 2120 773 2217 (1)
804 2120 959 2191 decanus
982 2133 1019 2190 et
1047 2115 1225 2190 archidia-

155 2261 287 2322 conus,
321 2236 493 2308 llicardus
520 2235 564 2309 de
592 2233 842 2335 Ansgeriivilla
867 2237 924 2334 (2)
954 2249 990 2308 ct
1013 2233 1226 2309 Guillelmus

156 2353 360 2424 Pictavinus
390 2353 447 2450 (3)
478 2350 739 2438 archidiaconi,
775 2349 986 2426 Goisfredus
1015 2352 1059 2426 de
1089 2354 1228 2452 Tasga-

155 2468 238 2540 villa
266 2470 321 2566 (4)
352 2468 609 2554 thesaurarius,
639 2471 813 2570 Turgisus
842 2485 972 2544 cantor
992 2484 1029 2544 et
1054 2468 1228 2543 hadulfus

158 2584 253 2658 filius
267 2589 364 2683 ejus,
382 2586 513 2686 aliique
531 2585 652 2685 plures
668 2612 760 2685 quos
778 2588 883 2687 llugo
900 2585 1132 2673 educaverat,
1153 2586 1230 2660 offi-

159 2702 294 2801 ciisque
309 2703 400 2774 datis
420 2702 664 2776 ecclesiasticis
681 2701 934 2778 honoraverat.
964 2704 1038 2777 llos
1054 2704 1231 2777 nimirum

159 2816 331 2917 praefatus
350 2845 531 2892 successor
548 2823 623 2920 ejus
640 2818 707 2892 sibi
731 2819 932 2920 copulavit,
959 2818 1146 2921 fertilique
1164 2818 1233 2894 do-

160 2951 332 3009 cumento
360 2937 598 3010 arithmeticae
626 2954 663 3009 et
695 2939 927 3011 astronomiae
962 2953 998 3010 et
1021 2935 1233 3037 multiplicis

161 3051 338 3153 physicae,
364 3053 587 3153 aliarumque
613 3052 877 3152 profundarum
900 3080 1023 3126 rerum
1049 3053 1231 3146 crudivit,

162 3179 199 3241 ct
223 3167 416 3243 familiares
439 3170 590 3270 collegas
620 3170 872 3244 conviviorum
898 3186 936 3244 et
962 3169 1232 3272 colloquiorum

163 3283 229 3358 sibi
250 3285 455 3386 benigniter
471 3287 676 3388 applicavit.
1214 3303 1218 3311 '

213 3401 274 3475 lV.
297 3403 404 3476 llnno
427 3402 472 3475 ab
495 3406 743 3479 incarnatione
764 3404 911 3477 Domini
937 3406 1232 3478 n⁰txx⁰1x⁰lo·

199 3703 237 3769 (t)
255 3699 409 3764 Glanville,
425 3702 488 3771 pres
498 3689 723 3774 Pout·l’l']vequc.

200 3793 240 3856 (a)
259 3789 569 3862 Angerville·en·hugc.

201 3874 239 3945 (3)
257 3876 417 3931 Guillaume
432 3877 466 3930 de
481 3878 614 3943 l‘oiticrs,
630 3877 799 3944 l'lristoricn,
813 3879 862 3952 qui
877 3878 980 3951 portait
992 3897 1024 3934 oe
1034 3898 1150 3936 tumore
1165 3900 1235 3955 ρουῐ

167 3965 241 4018 aroir
262 3964 356 4018 e'turlie'
373 3969 388 4017 ir
409 3967 541 4031 Poiticrs,
565 3967 632 4020 mais
648 3968 696 4040 qui
718 3968 785 4022 etait
806 3966 956 4039 originaire
973 3966 1008 4023 de
1029 3968 1152 4037 ereans,
1175 3975 1238 4044 pri-s

169 4050 399 4117 tour-nudorum,
416 4072 522 4108 comme
536 4071 605 4107 nous
618 4054 719 4109 l'avons
731 4055 792 4127 ddja
808 4075 852 4109 vu.

204 4147 243 4208 (ll
263 4142 444 4215 Triqucrillr,
462 4147 523 4216 pres
537 4146 775 4201 l‘ont-Audcmcr.
