2768 5094
526 360 845 436 emmonim-us.
1154 362 1213 425 os

140 483 183 556 ie
207 485 441 583 eleemosyna
461 483 498 553 8.
520 481 691 554 Germani
714 481 758 554 de
781 479 1014 555 alberi-vieo
1033 484 1100 580 (i).
1125 482 1215 557 ltet-

140 601 218 689 sis,
232 626 345 675 soror
356 596 512 698 ejusdem
524 597 728 684 Guitl'etmi,
746 613 865 670 totum
881 598 1092 696 mariagium
1108 625 1211 671 suum

140 717 185 792 de
206 717 452 793 tilheri-Vico
470 716 568 790 dedit
590 717 628 788 8.
655 716 782 802 Petro3
801 715 898 816 quod
923 716 995 814 ipse
1015 732 1101 788 tunc
1124 743 1214 790 con-

140 839 270 912 cessit.
289 839 439 936 insuper
455 836 491 907 in
508 833 629 908 eadem
641 834 722 906 villa
737 834 908 908 decimam
928 832 1115 907 hominum
1132 860 1214 909 suo·

140 980 233 1026 mm
251 952 456 1026 Raimboldi
477 967 513 1026 et
531 949 700 1024 liodberti
719 950 886 1024 Haeretici
909 966 945 1021 et
960 949 1131 1022 Gualonis
1148 950 1212 1022 iiiii

140 1067 291 1143 Snsoedi
309 1069 484 1167 adjunxit.
503 1069 677 1140 Praeteien
696 1066 789 1139 idem
806 1065 1020 1140 Guilielmus
1041 1067 1214 1140 concessit

140 1184 184 1257 8.
201 1186 316 1258 Petro
325 1183 370 1257 de
382 1183 510 1258 Norun
525 1208 649 1256 omnes
662 1181 823 1254 ecclesias
836 1197 873 1255 et
884 1181 1038 1254 decimas
1051 1183 1214 1256 omnium

141 1299 321 1374 locorum
339 1301 376 1373 in
395 1300 521 1399 Angiia
537 1326 599 1372 seu
618 1299 859 1386 Normannia,
882 1299 937 1372 iel
957 1301 993 1371 in
1011 1302 1111 1372 omni
1135 1298 1216 1372 loco

141 1415 374 1519 ubicumque
398 1415 517 1491 honor
541 1417 572 1490 ei
603 1432 799 1502 cresceret3
830 1414 1074 1521 decimamque
1104 1417 1215 1489 totins

144 1535 383 1635 possessionis
399 1561 473 1608 snae
488 1565 496 1606 z
511 1533 676 1608 videlicet
691 1560 883 1632 equarum,
900 1558 1085 1604 vaccarum
1100 1548 1135 1606 et
1154 1559 1216 1604 ca-

144 1676 315 1737 seorum,
333 1651 570 1749 omniumque
585 1673 707 1721 rerum
724 1647 767 1719 de
790 1647 921 1746 quibus
941 1646 1113 1719 decimani
1130 1646 1214 1719 dare

146 1782 284 1864 posset.
325 1764 499 1841 Similiter
532 1763 707 1836 concessit
738 1762 915 1863 quidquid
949 1762 1111 1836 homines
1141 1765 1215 1860 ejus

148 1883 188 1954 S.
214 1880 373 1955 Ebrulfo
396 1882 479 1956 dare
503 1896 564 1954 aut
590 1880 741 1953 vendere
766 1880 968 1966 voluerint,
995 1895 1145 1979 excepto
1169 1862 1214 1952 nc

149 1999 341 2071 servitium
357 1997 424 2070 sibi
441 1995 604 2070 debitum
621 1997 812 2068 amittetet.
828 1997 956 2069 Totam
974 2023 1060 2070 vero
1076 2010 1214 2095 partem

150 2112 364 2187 snbstantias
380 2142 453 2188 suaa
467 2115 662 2200 concessit3
680 2115 726 2185 ita
744 2129 785 2185 nt
802 2112 883 2187 inde
899 2113 1117 2197 coenobiales
1132 2141 1215 2186 mo·

151 2228 258 2302 nachi
276 2231 315 2302 8.
341 2227 481 2304 Ebrutfi
498 2246 580 2327 post
600 2244 755 2303 mortem
772 2230 845 2326 ejus
861 2228 1087 2301 medietatem
1104 2255 1214 2301 unam

152 2344 332 2434 habeant,
367 2347 543 2447 aliamque
568 2347 793 2421 medietatem
820 2346 984 2420 monachi
1011 2346 1055 2420 de
1085 2346 1211 2419 Norun

152 2466 345 2538 oetinesnt.

200 2582 288 2654 ttaec
319 2584 441 2655 omnia
464 2583 669 2657 Wilielmus
697 2600 734 2656 et
762 2583 901 2656 Leclina
930 2609 1023 2658 uxor
1051 2586 1124 2682 ejus
1152 2584 1213 2681 (ut

152 2697 331 2796 diximus)
354 2699 428 2771 Deo
451 2725 519 2798 pro
542 2699 654 2771 salute
677 2725 758 2784 sua,
779 2725 997 2799 suorumque
1015 2700 1214 2772 amicorum

154 2814 266 2890 libem
293 2834 569 2903 concesserunt,
598 2832 634 2889 et
659 2815 861 2914 hujusmodi
887 2817 1151 2889 concessionem
1176 2816 1212 2888 in

153 2930 312 3030 capitulo
328 2932 365 3004 8.
385 2930 524 3005 Ebrulfi
549 2958 669 3005 coram
693 2931 954 3004 monachornm
975 2947 1156 3004 conventu
1178 2948 1214 3004 et

155 3051 321 3148 piurimis
349 3050 496 3124 testibus
526 3051 738 3150 generaliter
767 3048 1083 3121 consinnaverunt.
1109 3050 1214 3120 Tunc

157 3171 230 3266 ipsc
252 3167 481 3255 Gniiiciinus,
511 3167 552 3240 ad
579 3169 741 3267 suffragia
767 3166 940 3254 statium,
970 3167 1031 3266 qui
1059 3166 1101 3238 ad
1128 3194 1214 3241 con·

155 3285 367 3359 ,tritenduin
388 3288 482 3386 apud
505 3287 631 3362 Norun
652 3286 775 3359 cellam
799 3286 882 3356 ituri
904 3301 1025 3369 cinnt,
1049 3311 1093 3356 xc
1120 3310 1215 3356 mac·

156 3428 217 3473 eos
233 3405 371 3501 argenti
390 3405 553 3475 cominus
572 3402 745 3499 porrexit.

684 3628 1217 3642 -η--α--ο--ι--ι-

159 3783 203 3815 nii
217 3766 242 3816 ie
257 3764 365 3834 platena
381 3784 428 3837 qni
443 3770 536 3837 ,εὑρη-ο
553 3764 577 3817 la
594 3767 676 3818 salice
692 3764 726 3816 de
748 3766 852 3817 toarni
867 3763 900 3815 de
919 3763 985 3817 nette
1001 3762 1048 3816 des
1068 3762 1212 3817 ,stennen-

160 3855 277 3908 liniunt.

194 3950 226 4009 ‘sl
257 3944 513 4008 tubis-le-t‘anioii,
535 3945 649 3998 entreia
667 3946 823 4016 'i'nnqnect
841 3944 931 3995 lain·
961 3942 1213 4013 Nonsignnronsia

161 4050 248 4085 issum
263 4052 334 4103 pom
348 4034 462 4106 laqus-iic
477 4036 501 4087 ic
514 4054 577 4088 sinin
591 4035 624 4085 «tv
639 4046 710 4087 cette
723 4052 868 4088 connnunc
883 4056 895 4086 a
910 4041 954 4084 eti·
967 4035 1042 4087 victu
1057 4033 1091 4084 di·
1105 4034 1128 4086 ia
1141 4045 1215 4086 esi-tu·

160 4123 192 4173 di·
206 4126 325 4181 ussum.
342 4138 366 4173 ct
384 4126 517 4194 innuptae·
532 4145 572 4195 pai
590 4125 657 4175 utin
673 4124 826 4177 ‹t'ttsnnnnl
