2768 5094
279 177 340 237 ass
556 174 739 235 nrsronn
760 174 1064 237 eccunsnsnci.
1136 178 1320 257 [toa-issa
1345 134 1380 283 Ἰ

279 294 327 364 ris
342 291 525 365 multoties
536 293 757 391 permiscuit.
772 291 1018 386 Querimoniae
1028 318 1117 367 vero
1129 297 1207 393 ejus
1218 322 1238 366 a
1249 298 1322 369 mul
1362 388 1365 393 Ι

281 409 325 479 tis
338 406 494 481 libenter
504 406 753 495 audiebantur,
769 423 804 481 et
817 436 836 481 a
851 408 957 510 largis
969 407 1171 484 baronibus
1184 411 1215 483 ei
1230 412 1324 486 mults

280 553 428 599 munera
440 525 629 599 dabantur.
642 528 757 601 Porro
771 526 842 612 ille,
856 555 939 628 quae
950 526 995 599 ab
1003 528 1127 600 amieis
1138 525 1327 604 liberalibus

279 642 322 714 ad
340 640 537 714 subsidium
554 643 607 714 sui
627 639 842 741 accipiebat,
866 640 1102 716 histrionibus
1124 657 1164 715 et
1184 646 1327 742 parasitis

280 786 319 831 ac
339 759 587 832 meretricibus
611 759 820 857 insipienter
837 756 1093 845 distribuebat;
1118 757 1254 858 quibus
1273 760 1329 833 isn-
1359 834 1380 879 ᾗ

280 876 428 977 provide
445 875 644 964 distractis,
664 892 816 976 egestate
837 878 934 977 gravi
954 903 1180 977 compressus
1200 877 1330 951 mendi·
1361 902 1380 999 'p

282 991 403 1080 cahat,
423 1008 459 1065 et
481 1019 528 1063 aes
544 991 701 1064 alienum
719 991 766 1063 ab
783 994 940 1066 externis
961 991 1249 1066 soeneratoribus
1262 993 1331 1066 ex‘ul
1363 1002 1370 1099 ἰΙΙ

282 1136 411 1209 egenus
427 1107 653 1208 quaeritabat.
1033 1182 1037 1189 ,
1369 1186 1380 1209 μ

330 1224 512 1298 Mathildis
529 1226 649 1326 regina
659 1280 670 1313 ,
694 1225 769 1300 lilio
792 1241 952 1298 materna
968 1225 1193 1324 compatiens
1208 1250 1253 1298 cx
1267 1226 1333 1323 pie-
1370 1214 1380 1317 ζ

283 1360 377 1431 tate,
406 1345 565 1442 ingentes
589 1358 752 1443 sumptus
777 1345 853 1414 auri
878 1358 915 1417 et
937 1344 1097 1444 argenti,
1125 1341 1335 1443 aliarumque
1375 1334 1380 1344 ’

283 1487 406 1533 rerum
425 1461 663 1558 pretiosarum
681 1460 713 1532 ci
731 1486 825 1559 saepe
843 1457 1031 1547 mittebat,
1049 1484 1134 1559 rege
1150 1460 1333 1533 nesciente.
1377 1456 1380 1503 ³

285 1575 390 1670 Quod
409 1574 471 1647 ubi
490 1577 563 1675 ipsc
581 1576 790 1674 comperiit,
811 1577 842 1647 ei
859 1603 905 1648 ne
918 1575 1070 1657 ulterius
1085 1576 1252 1659 iteraret,
1271 1590 1338 1647 ter-

283 1688 439 1762 ribiliter
459 1688 659 1788 prohibuit.
684 1690 747 1762 llla
768 1692 898 1763 iterum
918 1689 1040 1763 eadem
1064 1691 1267 1787 procaciter
1285 1715 1339 1761 rc-

284 1825 445 1908 pctente,
467 1809 576 1880 iratus
592 1835 655 1881 rex
671 1807 762 1880 dixit
778 1839 786 1878 ι
811 1810 907 1880 Vera
923 1824 974 1881 est
991 1806 1191 1907 cujusdam
1206 1808 1339 1907 sapita-

285 1928 328 1995 tis
345 1926 566 2022 nimiumque
584 1923 671 1995 milti
684 1921 884 2023 probabilis
900 1924 1076 1993 assertio:

426 2096 617 2170 Naufragium
630 2116 723 2152 rerum
733 2107 775 2151 est
790 2098 889 2151 mulier
901 2096 1033 2170 malefida
1045 2102 1153 2152 marito.

289 2252 381 2348 Quis
410 2252 556 2324 ulterius
582 2258 620 2323 ia
649 2251 877 2324 boemundo
896 2250 1022 2349 fidam
1056 2251 1129 2324 sibi
1156 2268 1193 2323 ‘et
1226 2250 1343 2323 tttilem

286 2371 425 2440 sociam
450 2369 630 2468 reperiet?
655 2371 717 2440 En
744 2368 965 2443 collateralis
984 2377 1069 2442 mea'
1089 2370 1225 2469 (quam
1250 2370 1343 2443 uelut

286 2485 448 2554 animaru
467 2510 583 2555 aream
601 2484 733 2582 diligo,
749 2511 860 2583 quam
876 2484 1040 2556 omuibus
1053 2487 1160 2583 gazis
1178 2502 1213 2557 et
1221 2500 1346 2587 potes-

286 2598 419 2671 tatibus
437 2602 474 2671 in
490 2617 559 2673 toto
569 2600 722 2702 praejeei
733 2629 844 2701 regno
859 2605 949 2699 aceo)
960 2606 1125 2676 inimicos
1143 2629 1242 2676 meos
1254 2606 1346 2675 iasi-

285 2715 430 2788 diaates
446 2720 535 2788 aitte
555 2743 645 2789 mete
661 2734 857 2810 sustentat,
875 2718 1004 2820 opibus
1020 2724 1108 2791 meis
1125 2745 1346 2819 sumntopere

286 2832 380 2905 ditat
388 2892 401 2924 ,
422 2851 455 2905 et
472 2852 598 2907 contra
615 2837 769 2908 salutem
786 2863 904 2908 meam
920 2834 1082 2909 studiose
1099 2855 1237 2928 mutat,
1257 2863 1347 2911 coa-

286 2953 494 3025 celaturae
518 2952 676 3025 roborat.
703 2953 756 3025 ad
783 2952 859 3026 hoec
885 2953 943 3025 illa
967 2953 1154 3053 respondit
1176 2985 1185 3024 s
1205 2952 1266 3027 Na
1284 2957 1348 3026 mi-

286 3075 390 3157 reris,
411 3070 555 3141 domine
572 3073 642 3158 mi,
657 3070 804 3143 obsecro
812 3128 825 3160 ,
844 3073 957 3169 siege
969 3071 1254 3172 primogenitam
1262 3098 1347 3172 pin

287 3186 355 3258 lem
372 3214 491 3259 meam
510 3204 626 3259 tenere
647 3187 774 3288 diligo.
793 3190 869 3260 Per
888 3194 1055 3262 uirtutem
1070 3188 1256 3262 Altissimi
1268 3190 1342 3287 (t),

285 3306 319 3374 si
344 3303 545 3376 Radbertus
572 3332 671 3377 meus
697 3312 855 3379 mortuus
879 3323 970 3378 esset
979 3364 992 3396 ,
1020 3323 1055 3377 et
1078 3308 1116 3377 ia
1144 3311 1216 3377 imo
1243 3322 1344 3378 terea

284 3440 415 3521 septem
424 3422 583 3523 pedibus
595 3423 642 3496 ab
655 3423 771 3495 oculis
783 3426 976 3495 viventium
990 3422 1224 3497 absconditus
1238 3440 1343 3511 esset,

288 3631 442 3641 ——-.—.
452 3632 577 3641 -0—---——
587 3632 916 3641 -——-——-—---—.-.
926 3633 1029 3641 -—..-—
1037 3632 1189 3641 --—-.--.---
1198 3634 1213 3641 ..
1222 3634 1257 3641 ....
1279 3634 1288 3642 ,
1310 3634 1318 3641 .

319 3758 357 3823 (ι)
376 3755 399 3808 ll
413 3755 501 3828 patuit
512 3775 567 3830 que
578 3757 668 3811 c'etait
681 3756 707 3810 la
720 3756 837 3811 lormule
849 3775 905 3831 que
920 3757 946 3811 la
958 3759 1035 3813 ruine
1048 3756 1183 3811 mathilde
1194 3758 1344 3832 employait

285 3843 353 3897 (lans
366 3861 407 3896 ses
418 3857 565 3914 sementa,
585 3864 692 3901 comme
702 3846 862 3902 Gnillsume
873 3847 960 3916 jurait
972 3867 1021 3920 par
1033 3848 1216 3921 insplendent·
1225 3849 1262 3903 de
1274 3850 1346 3904 Dira

284 3936 349 4004 (par
361 3932 385 3986 la
399 3935 561 4004 resplerular
574 3936 642 4002 De‘).
