2768 5094
275 348 334 411 254
514 346 698 407 HISTORIA
720 345 1025 407 Ecctttslas‘rtclt.
1050 350 1142 424 [cram
1156 350 1342 428 1069-10731

274 468 435 569 gariique
447 466 579 540 milites
594 467 632 538 in
643 482 784 540 exteros
801 467 972 538 unanime
987 466 1181 540 consilium
1196 468 1341 558 ineunt,

274 613 392 659 arcem
407 584 507 658 urbis
516 601 552 659 et
562 585 630 657 alia
643 585 846 657 munimina
856 582 1340 671 viriliterarmatiambiuut‚

274 719 312 776 ct
325 703 521 803 Turgisum
530 702 575 775 de
586 702 739 775 Traceio
751 703 822 801 (ι),
837 700 1145 803 Guillelmumque
1157 702 1203 774 de
1216 704 1344 775 Firmi·

274 835 347 893 tate
357 821 427 918 (a),
438 819 596 919 aliosque
605 819 698 917 regis
706 818 905 916 municipes
916 834 1171 917 expugnantet
1179 819 1340 917 ejiciunt.

275 934 455 1028 Quosdam
473 932 621 1007 fortiter
644 931 711 1005 sibi
732 934 935 1007 resistentes
958 934 1163 1033 perimunt,
1186 933 1343 1035 aliosque

273 1052 426 1126 vinculis
439 1050 634 1125 crudeliter
647 1052 833 1151 injiciunt,
851 1067 888 1125 et
905 1077 988 1123 cum
1002 1049 1167 1126 libertate
1181 1051 1289 1124 talem
1302 1051 1343 1125 de

273 1171 495 1245 Normannis
512 1168 689 1242 ultionem
703 1168 968 1269 triumphantes
985 1185 1187 1241 assumunt.
1204 1169 1343 1243 Deinde

273 1289 372 1388 regio
383 1302 457 1361 tota
468 1284 717 1387 perturbatur,
729 1302 766 1359 et
777 1286 911 1361 ibidem
920 1286 1164 1360 Normannim
1176 1288 1343 1362 visollus

273 1423 389 1493 catur,
411 1432 451 1478 ac
466 1431 557 1504 pene
572 1404 618 1476 ab
636 1402 806 1477 omnibus
818 1405 919 1504 quasi
934 1404 1109 1503 generalis
1123 1403 1200 1478 lues
1214 1406 1340 1503 passim

273 1525 518 1623 impugnatur.
534 1519 744 1595 Goislredus
761 1520 1011 1594 Meduanensis
1028 1523 1104 1619 (3),
1125 1521 1261 1623 aliique
1277 1547 1342 1622 op-

273 1641 415 1714 timates
424 1640 745 1713 cenomannorum
753 1641 830 1738 pari
841 1641 1245 1738 conspirationeoontra
1256 1640 1342 1713 Nor·

271 1785 424 1832 mannos
436 1759 629 1857 insurgunt
637 1786 648 1845 3
661 1757 770 1858 aliqui
782 1774 901 1832 tamen
909 1811 920 1845 ,
934 1758 1016 1831 licet
1027 1759 1144 1857 pauci,
1155 1783 1228 1858 pro
1237 1760 1341 1831 sariis

272 1872 461 1948 eventibus
478 1890 514 1947 et
530 1875 642 1946 causis
658 1873 856 1948 Guillelmo
872 1875 946 1974 regi
964 1874 1087 1947 lavent
1099 1891 1137 1947 et
1149 1873 1337 1949 obediunt.

320 1991 570 2090 Magnanimos
600 2017 662 2064 rex
697 1989 911 2064 Guillelmus
940 1988 1029 2062 diris
1059 1990 1272 2064 rumoribus
1300 1991 1340 2064 de

271 2105 512 2182 trucidatione
526 2130 676 2179 suorum
691 2103 821 2177 auditis
839 2106 950 2178 iratus
966 2120 1038 2190 est,
1058 2130 1098 2176 ac
1115 2103 1159 2177 ad
1176 2131 1340 2205 compes-

270 2223 420 2297 cendam
447 2224 607 2298 hostium
633 2223 872 2312 invasionem,
904 2237 941 2297 et
961 2222 1195 2323 proditorum
1224 2222 1339 2298 rebel-

269 2339 406 2413 lionem
430 2340 538 2411 armis
560 2340 726 2413 meritam
751 2340 929 2414 ultionem
952 2340 1071 2415 lacere
1098 2341 1251 2415 molitus
1274 2358 1336 2417 est.

271 2457 389 2556 Regali
400 2462 503 2557 jussu
519 2456 750 2531 Nomiannos
763 2473 800 2531 et
815 2458 951 2558 Anglos
964 2459 1130 2535 celeriter
1141 2461 1289 2552 ascivit,
1306 2478 1338 2534 et

269 2572 400 2644 multas
420 2587 641 2645 armatorum
667 2574 823 2675 legiones
844 2576 882 2646 in
901 2602 1017 2648 unum
1034 2576 1337 2674 conglomeravit,

269 2687 468 2788 prudenter
487 2690 529 2761 ad
549 2688 683 2764 bellum
699 2692 834 2765 milites
858 2692 1065 2795 peditesque
1082 2720 1165 2767 cum
1189 2693 1338 2767 ducibus

269 2808 342 2880 suis
368 2806 566 2908 disposuit,
596 2823 632 2882 ct
660 2835 743 2882 cum
772 2811 821 2883 eis
847 2810 1182 2885 cenomannensem
1210 2838 1338 2913 pagum

270 2923 443 2998 terribilis
461 2924 585 2997 adivit.
607 2929 646 2998 ln
665 2927 792 3027 primis
809 2927 1085 3001 Fredernaicum
1103 2943 1261 3001 castrum
1283 2931 1337 3027 (ά)

270 3112 515 3121 ,-.----.--
522 3114 532 3119 -
539 3113 629 3120 --.m-

304 3223 342 3290 (1)
361 3219 465 3290 Turgis
477 3216 513 3272 de
522 3218 620 3284 Tuci,
631 3222 694 3293 pres
704 3220 783 3275 Vise.
796 3222 844 3276 On
853 3223 910 3277 voit
920 3241 1021 3278 encore
1033 3223 1102 3279 dans
1111 3234 1183 3280 cette
1193 3242 1338 3279 commuue

268 3308 307 3363 les
321 3307 415 3362 ruines
427 3304 495 3361 d'un
508 3306 677 3382 magnisique
688 3307 804 3363 chateau
818 3308 856 3363 du
871 3328 970 3384 moyen
984 3310 1043 3384 dge.

303 3397 342 3467 (a)
360 3393 575 3450 Probablement
588 3395 761 3467 seigneurde
771 3397 991 3467 laFerteMace3
1001 3400 1183 3472 carllugueu
1195 3398 1338 3455 maxime

268 3485 307 3540 du
317 3503 398 3553 nom,
408 3484 846 3559 seigneurdeurcrtoenurai,
858 3488 1005 3544 s'etaitlait
1012 3488 1145 3562 religieux
1154 3488 1270 3544 avantla
1278 3507 1338 3543 cou-

267 3576 352 3650 quete
363 3578 379 3629 t
391 3575 564 3631 saint-Ouen
579 3573 614 3628 de
625 3574 738 3643 Rauen,
751 3593 816 3631 sans
825 3577 919 3633 laisser
929 3578 1076 3647 d'enlanu,
1088 3588 1118 3633 et
1129 3577 1156 3632 la
1164 3578 1337 3633 Ferte-Fau·

268 3665 314 3721 nel
329 3667 466 3721 n’eristait
476 3683 524 3739 pas
532 3682 643 3730 encore,
656 3667 818 3740 puisqu’elle
828 3687 863 3724 ue
872 3669 915 3724 lut
925 3669 1024 3725 londee
1034 3688 1084 3744 par
1094 3667 1220 3723 Richard
1229 3667 1337 3724 emet

268 3759 351 3831 qu’en
371 3776 450 3829 ¹¹¹9·
466 3774 574 3811 comme
588 3774 659 3811 nous
672 3755 697 3810 le
711 3776 823 3813 verrous
837 3758 905 3814 dans
919 3759 944 3814 la
958 3761 1029 3815 suite
1042 3760 1077 3814 de
1092 3769 1164 3815 cette
1178 3758 1305 3813 histoire.

303 3845 340 3917 (ὅ)
359 3846 483 3903 Gcoffroi
496 3846 532 3901 de
547 3848 689 3918 Mayenne,
705 3848 846 3904 troisilme
859 3848 896 3902 du
911 3868 986 3917 nom,
1001 3850 1041 3903 fils
1051 3850 1086 3904 de
1096 3848 1223 3905 Gsollroi
1234 3848 1277 3915 ΙΙ,
1288 3848 1338 3901 cite

267 3936 416 4001 ridemus,
433 3957 460 4010 p.
476 3954 519 4012 27,
531 3948 559 3990 et
573 3939 620 4011 qui
641 3949 755 3992 mourut
764 3958 799 3994 cn
818 3938 892 4013 1039.
904 3940 951 3995 On
963 3939 1145 4013 pretendquc
1157 3937 1284 3994 Gsoll'roi
1299 3934 1336 3991 lll

267 4030 335 4083 e'tait
348 4027 501 4082 l’amantde
513 4026 664 4083 Gerscndcv
679 4027 700 4080 ll
711 4030 780 4083 avait
793 4029 940 4084 etc'cliassc'
949 4029 987 4083 ‹lu
999 4030 1077 4083 Mans
1087 4048 1136 4101 par
1149 4029 1189 4083 les
1199 4027 1337 4082 habitauts

267 4117 302 4171 ‹le
317 4128 388 4170 cette
403 4116 465 4171 ville
476 4136 511 4171 en
529 4135 603 4192 ¹⁰7¹·

302 4210 340 4276 (l)
359 4205 666 4263 Prosunt-te-vicomie.
