2768 5094
269 366 329 426 288
546 364 728 426 HISTORIA
753 362 1057 424 ECCbESlASTlCA.
1132 365 1326 439 [itio-titt·

270 509 347 555 nam
368 480 600 581 pulcherrimi
626 483 768 582 operis,
792 497 829 556 et
855 482 923 555 alia
948 479 1043 555 bone
1074 508 1099 581 q
1119 480 1328 582 tamplurins

265 605 341 700 jam
356 599 555 690 inchoavit,
572 618 609 675 et
622 628 687 701 per
700 628 748 673 xv
759 627 873 675 annos
884 600 1016 702 quibus
1028 600 1172 674 abbatis
1187 601 1329 675 officim

269 718 389 817 gessit,
401 716 444 789 ad
458 717 608 792 salutem
618 713 671 792 sui
682 718 823 818 sibique
832 718 1094 819 subjectorum,
1104 719 1331 819 juvantellcn

270 862 520 910 consummare
534 837 686 909 studuit.

321 955 355 1052 [i
369 981 380 1025 i
395 955 468 1053 im]
487 957 600 1053 Hujus
612 956 797 1054 regiminis
806 981 904 1029 anno
919 970 976 1027 ιιιο
995 954 1038 1027 ad
1058 952 1230 1026 tumbam
1245 953 1333 1027 Gnal

269 1072 338 1146 levi
351 1073 494 1144 comitis
506 1073 676 1145 miracula
691 1071 930 1146 demonstrari
945 1073 1116 1172 primitus
1129 1087 1332 1170 coeperunt,

269 1215 428 1289 quorum
445 1182 574 1261 auditis
591 1188 798 1262 rumoribus
811 1189 917 1289 Angli
932 1188 1033 1263 valde
1047 1189 1159 1261 laetati
1181 1202 1292 1272 sunt;
1306 1207 1335 1260 et

270 1303 430 1402 Anglicae
452 1302 574 1403 plebes
594 1303 637 1376 ad
661 1305 844 1377 tumulum
863 1305 917 1377 sui
938 1305 1215 1403 compatriotae,
1238 1328 1335 1404 quem
1363 1388 1366 1393 ,

269 1418 374 1492 allen
382 1423 457 1518 jam
470 1418 663 1518 glorificari
681 1421 791 1520 signis
807 1419 1069 1519 multiplicibus
1082 1416 1260 1505 audiunt,
1272 1435 1335 1490 tam

270 1559 339 1632 pro
355 1532 485 1633 gaudio
503 1559 607 1606 novae
626 1535 677 1608 rei
695 1561 804 1635 quam
822 1560 890 1635 pro
904 1535 976 1606 suis
995 1532 1270 1606 necessitatibus
1285 1533 1335 1605 de

270 1650 448 1749 precaturi
474 1648 684 1750 frequenter
706 1665 914 1724 accurrunt.
938 1649 1045 1742 Quod
1068 1663 1111 1719 nt
1131 1649 1282 1748 quidam
1300 1649 1337 1720 de

270 1766 490 1840 Normannis
515 1764 715 1840 monachus
740 1768 889 1839 nomine
911 1765 1074 1838 Audinus
1096 1765 1212 1851 vidit,
1234 1763 1337 1839 rebe-

269 1899 411 1956 mentcr
434 1881 675 1955 stomachatus
698 1881 928 1956 advenientes
953 1881 1100 1969 derisit,
1128 1897 1167 1955 et
1189 1880 1337 1981 praelato

268 2000 393 2075 comiti
416 2025 501 2071 cum
523 1999 691 2073 irrisione
714 1999 892 2086 detraxit,
917 1997 1039 2071 dicens
1061 1996 1164 2098 quod
1186 2023 1336 2098 nequam

269 2117 423 2190 traditor
440 2116 568 2208 luerit,
583 2132 620 2189 et
636 2141 705 2214 pro
720 2133 821 2189 reatu
836 2141 904 2189 sno
918 2116 1043 2214 capitis
1059 2114 1337 2190 obtruncatione

268 2235 437 2306 mulctari
457 2234 644 2306 meruerit.
664 2234 742 2305 Hoc
762 2248 804 2304 ut
822 2232 1032 2306 Goisftedus
1052 2230 1163 2304 abbas
1184 2231 1334 2316 audivit,

266 2351 421 2424 dulciter
441 2375 524 2424 eum
543 2351 647 2449 (quia
664 2365 853 2423 extraneus
873 2351 972 2445 erat)
994 2348 1199 2450 redarguit,
1221 2350 1336 2424 dicens

268 2469 368 2570 quod
380 2469 511 2540 divinis
521 2465 691 2566 operibus
703 2492 777 2539 non
787 2465 1334 2568 deberetdetrabere,quiaDeus

267 2585 450 2685 pollicitus
467 2600 520 2658 est
542 2610 654 2684 usque
671 2583 715 2656 ad
732 2586 1082 2657 consummationem
1098 2582 1223 2657 saeculi
1244 2611 1334 2684 prae·

267 2703 418 2775 sentiam
448 2727 547 2772 suam
581 2699 744 2795 fidelibus
770 2702 842 2772 suis
865 2698 1058 2786 exhibere,
1087 2714 1125 2773 et
1154 2700 1332 2798 promittit

267 2843 311 2891 cx
335 2818 467 2890 intimo
487 2814 595 2889 corde
621 2814 886 2914 poenitentibus
906 2830 1031 2914 potare
1061 2812 1106 2887 de
1131 2812 1241 2889 sonte
1269 2841 1333 2886 suae

267 2932 498 3034 infatigabilis
512 2933 779 3007 misericordiae.
800 2935 989 3021 Protinus,
1008 2932 1097 3005 dum
1113 2929 1210 3005 idem
1232 2929 1333 3004 abbas

266 3051 349 3123 talia
365 3047 518 3122 dicendo
535 3049 773 3122 temeritatem
794 3050 995 3148 insipientis
1014 3072 1245 3147 compescere
1261 3048 1333 3119 rel·
1371 3030 1378 3156 l

268 3167 337 3258 let,
351 3183 388 3238 et
405 3165 465 3239 ille
479 3171 590 3264 magis
603 3168 786 3268 magisque
803 3168 1001 3266 incongrua
1015 3164 1121 3238 verba
1137 3164 1333 3263 proferret,

268 3286 305 3357 in
332 3284 522 3384 praesentia
550 3310 644 3383 saepe
667 3283 754 3356 dicti
782 3285 893 3382 patris
918 3280 1034 3356 subita
1063 3280 1279 3358 infirmitate
1302 3283 1333 3353 in

266 3399 476 3500 praecordiis
489 3425 677 3499 percussus
691 3415 744 3473 est
753 3454 765 3491 ,
783 3415 819 3474 et
835 3415 917 3500 post
933 3425 1067 3499 paucos
1084 3397 1161 3472 dics
1178 3400 1217 3471 in
1231 3397 1334 3472 eccle

265 3520 314 3591 sia
331 3519 367 3590 S.
388 3516 518 3589 Albani
535 3520 815 3618 protomartyris
831 3517 1033 3618 Anglorum
1042 3570 1053 3603 ,
1069 3515 1133 3588 ubi
1146 3515 1334 3592 monacbi-

268 3637 339 3710 lem
351 3635 611 3735 professionem
624 3636 770 3722 fecerat,
784 3636 976 3710 defunctus
985 3650 1052 3710 est.
1064 3634 1240 3735 Sequenti
1255 3659 1334 3708 sero

270 3771 376 3827 nocte
389 3752 599 3827 Goislredus
616 3751 724 3825 abbas
740 3752 826 3826 dum
846 3756 884 3825 in
898 3753 993 3827 lecto
1007 3753 1228 3852 quiesceret,
1247 3749 1335 3825 etde

268 3869 480 3967 supradictis
494 3867 682 3941 eventibus
695 3870 796 3968 plura
812 3897 933 3944 secum
946 3869 1127 3943 subtiliter
1141 3882 1331 3952 tractaret,

268 4012 353 4057 mox
370 3988 405 4057 in
418 3988 494 4058 visu
504 4014 540 4059 se
549 4004 661 4059 astare
671 3987 791 4063 loculo
798 3989 952 4063 Walleri
963 3987 1105 4062 comitis
1114 3984 1228 4077 videt,
1241 4010 1333 4057 sanc

269 4122 394 4202 tosquc
421 4102 481 4175 [lei
508 4104 811 4180 Bartliolomaeum
832 4106 1034 4205 apostolum
1057 4122 1092 4179 et
1115 4101 1332 4178 Gntlilacum
