2768 5094
283 366 323 425 ,58
562 361 746 423 n1sronn-
766 363 1070 425 ecciesiasrrcr.
1150 368 1352 446 [inserunt

284 487 353 560 tati
357 485 562 588 persolvam
585 482 858 557 celebrationem
870 485 1011 570 missae,·
1024 511 1093 557 nos
1107 503 1237 560 antem
1244 490 1351 588 jnrtn

282 603 400 676 altare
427 625 630 700 congruam
657 602 694 674 ei
720 600 945 702 sepulturam
970 618 1200 703 praeparate.
1232 602 1286 676 At
1309 603 1352 678 illi

282 715 438 792 libenter
456 713 624 791 obediere
634 714 794 816 jubenti.
820 715 957 788 Deinde
974 717 1078 789 mian
1098 716 1352 794 venerabiliter

280 835 382 909 finita
420 849 456 909 et
490 834 583 908 fossa
618 832 811 934 diligenter
843 850 1066 934 praeparata,
1099 836 1353 911 tumulandum

280 977 411 1052 corpus
428 954 505 1025 sine
521 951 726 1051 gravamine
743 951 985 1041 sustulerunt,
1002 968 1039 1025 et
1056 976 1158 1027 secus
1174 981 1281 1029 aram
1295 952 1352 1028 de-

280 1084 404 1142 center
421 1069 659 1167 sepelierunt;
684 1066 747 1140 ubi
771 1067 1004 1166 postmodum
1028 1070 1135 1142 multi
1166 1069 1350 1158 febribus,

279 1185 428 1286 aliisque
460 1184 699 1261 incommodis
728 1182 932 1259 laborantes
960 1186 1099 1259 meritis
1128 1191 1208 1287 ejus
1227 1189 1350 1279 ¹serrati

189 1354 198 1379 .
277 1319 375 1376 sunt.

325 1422 511 1497 Uticenses
519 1437 638 1495 autem
648 1422 1229 1524 monachi,postquamreverendi
1241 1426 1347 1523 patris

171 1629 177 1641 ἢ
275 1538 418 1612 obitum
441 1540 557 1641 relatu
572 1540 754 1614 sociorum
773 1541 929 1640 ejusdem
952 1541 1219 1616 Normanniam
1242 1570 1347 1642 repe·

276 1657 433 1729 tentiam
457 1671 727 1756 cognoverunt,
749 1656 851 1730 valde
874 1659 1076 1732 contristati
1096 1673 1209 1750 sunt,
1234 1659 1348 1733 etde

275 1769 399 1867 bitum¹
412 1800 480 1872 pro
497 1773 615 1846 anima
632 1776 707 1871 ejus
725 1774 911 1847 servitium
930 1774 1010 1848 Deo
1022 1775 1178 1850 fideliter
1198 1775 1347 1851 celebra·

275 1864 426 1979 verirnt,
441 1887 483 1963 ‘et
501 1889 713 1965 memoriam
732 1893 807 1990 ejus
822 1891 972 1990 singulis
988 1891 1092 1965 annis
1110 1917 1227 1993 usque
1244 1891 1347 1966 bodie

274 2007 346 2081 kal.
362 2008 501 2108 augusti
514 2005 704 2080 celebriter
714 2007 918 2091 exsolyunt.
938 2008 1114 2107 Religiosa
1131 2034 1285 2110 quoque
1302 2011 1348 2081 in-

275 2124 420 2213 stituta,
439 2150 522 2224 quae
547 2125 620 2223 ipse
637 2148 680 2195 ex
703 2122 869 2196 doctrina
891 2122 1154 2198 venerabilium
1174 2123 1346 2199 abbatum

277 2242 421 2315 Ricardi
439 2240 703 2316 V'eredunensis
725 2256 760 2313 et
778 2241 964 2316 Willermi
988 2242 1221 2317 Divionensis
1241 2259 1346 2344 etque

276 2360 463 2434 Tenderici
479 2357 774 2431 Gemmeticensis
787 2359 803 2454 (
812 2360 845 2456 ι)
859 2359 1050 2449 didicerat,
1065 2374 1102 2434 et
1120 2359 1279 2434 novella
1295 2384 1347 2434 ec

277 2475 393 2548 clesiae
424 2473 491 2548 sibi
524 2475 723 2549 commissae
750 2475 905 2549 fideliter
935 2477 1147 2565 tradiderat,
1181 2476 1343 2578 diligenti

278 2593 398 2667 studio
413 2618 524 2692 usque
537 2591 643 2666 hodie
659 2590 872 2681 observant,
891 2609 927 2666 et
941 2594 1089 2667 novitiis
1103 2594 1148 2667 ad
1161 2594 1346 2696 religionis

277 2710 588 2784 conversationem
604 2710 786 2783 conversis
799 2711 952 2785 solerter
969 2712 1169 2784 insinuant.

326 2827 372 2900 V.
406 2826 515 2900 Anno
540 2825 587 2899 ab
615 2828 863 2902 incarnatione
896 2829 1043 2902 Domini
1071 2834 1193 2919 Μ’,
1230 2830 1345 2905 indie·

279 2947 379 3021 tione
402 2958 485 3036 κη’,
504 2946 690 3019 Uticenses
717 2945 943 3020 Rodbertnm
964 2946 1009 3020 de
1030 2948 1345 3023 Grentemaianilio

277 3061 344 3136 sihi
372 3063 557 3164 elegerunt
583 3060 771 3148 abbatem,
797 3060 1061 3138 rationabiliter
1081 3065 1344 3139 considerantes

280 3182 326 3265 inx
335 3178 476 3281 praefati
490 3178 558 3251 viri
571 3178 747 3253 electione
762 3178 1016 3254 multimodam
1029 3179 1340 3267 commoditatem

281 3315 354 3374 tam
366 3314 517 3398 propter
532 3300 606 3396 ejus
620 3297 751 3371 claram
764 3297 1060 3396 generositatem,
1072 3323 1182 3398 qnam
1197 3315 1344 3399 propter

278 3416 466 3493 ardentem
482 3417 691 3490 monasticae
707 3416 758 3490 rei
776 3417 1085 3515 procurationem,
1104 3430 1141 3488 et
1154 3415 1193 3488 in
1203 3415 1344 3517 agendis

278 3534 385 3610 rebus
402 3534 590 3607 efficaciam
607 3548 643 3607 et
659 3534 923 3606 strenuitatem.
943 3535 1048 3606 llunc
1067 3533 1189 3634 itaque
1205 3533 1345 3608 conflr-

278 3665 377 3724 matn
393 3651 505 3722 tetius
519 3649 808 3748 congregationis
822 3674 996 3723 consensu
1010 3648 1150 3743 Ebroas
1163 3648 1223 3747 (a)
1237 3647 1344 3722 dure

692 3801 858 3813 ——-

312 3877 352 3948 (ι)
365 3875 400 3928 Le
416 3871 738 3928 bienheureuxRichard
752 3872 787 3928 de
803 3873 935 3941 Verdun,
950 3885 1024 3930 mort
1037 3874 1062 3930 le
1080 3879 1110 3942 il
1116 3873 1212 3946 juillet
1227 3872 1344 3941 rolbsse

278 3964 468 4022 bienbeurcux
482 3961 643 4017 Gnillaurne
656 3962 691 4016 de
704 3963 804 4035 Dijon,
826 3976 899 4019 mort
913 3964 939 4021 le
955 3975 989 4020 1⁹¹
999 3966 1106 4038 janvier
1122 3962 1184 4022 1031
1197 3989 1204 4032 ;
1217 3964 1342 4021 Tbierri.

279 4054 350 4110 abbe
362 4051 398 4108 de
406 4051 561 4124 Juniieges,
576 4061 649 4108 mort
659 4070 693 4107 en
709 4069 822 4126 1027011
841 4053 915 4109 1028.

313 4147 351 4214 (a)
366 4143 481 4198 Erreux.
