2768 5094
440 364 557 427 ursus
578 365 762 442 onrarns.
1080 362 1141 426 ⁴⁴7

140 547 143 566 .
151 491 259 587 juxta
276 501 484 562 consortem
501 485 613 574 thori,
633 511 765 586 corpus
779 487 854 584 ejus
867 481 1067 557 bonorifice
1080 509 1139 558 se·

140 620 216 676 tum
233 619 300 677 est.

140 719 318 795 'raedictus
330 718 454 808 miles,
470 718 631 793 tirocinii
642 720 697 791 sui
713 732 890 817 tempore,
905 712 1029 816 probis
1044 716 1140 788 acti-

152 837 323 924 cmicuit,
339 851 377 911 et
393 836 529 911 relictis
542 836 661 928 notis,
673 833 838 910 affinibus
854 849 891 910 et
906 835 997 908 caris
1012 859 1141 935 paren·

140 983 191 1043 ts,
215 955 313 1029 inter
327 970 470 1029 exteros
494 956 665 1029 insertam
685 950 752 1026 sibi
775 954 949 1027 virtutem
966 952 1139 1026 exercuit.

140 1073 213 1147 iam
230 1072 351 1175 itaque
366 1072 536 1172 expetiit,
559 1071 830 1173 fortissimoque
844 1070 927 1145 duci
942 1069 1142 1145 Guisoerdo

140 1195 244 1278 istus,
257 1187 436 1264 Graeciam
449 1190 591 1276 invasit,
606 1205 644 1264 et
658 1190 694 1262 in
709 1186 896 1277 conflictu,
911 1212 987 1289 quo
1001 1186 1144 1260 alerius

140 1321 276 1381 serator
285 1304 709 1405 Constantinopolitanus
718 1305 835 1378 rictus
844 1305 986 1404 fugerat
995 1303 1068 1402 (a),
1082 1328 1145 1375 no·

140 1438 200 1497 ter
221 1422 420 1495 dimicavit.
446 1423 534 1495 Post
553 1421 701 1524 aliquod
727 1438 870 1521 tempus
891 1420 1024 1510 obnixa
1047 1419 1146 1519 peti-

140 1562 177 1613 sc
192 1536 308 1637 patris
320 1562 499 1637 regressus
512 1538 550 1610 in
564 1536 736 1626 Galliam,
752 1562 902 1610 uxorem
918 1535 1024 1607 duxit
1039 1531 1147 1607 nobi·

140 1682 146 1727 t
161 1668 204 1729 et
218 1650 312 1729 benc
327 1655 579 1755 morigeratam
597 1654 768 1755 puellam,
782 1654 931 1728 nomine
941 1650 1144 1737 0delinam‚

140 1768 220 1845 lulli
237 1786 481 1870 cognomento
498 1770 774 1869 Maliviciui(a),
789 1768 1028 1843 Madantensis
1044 1768 1148 1869 oppi-

140 1888 182 1981 ti,
200 1887 323 1961 filiam.
344 1888 561 1990 frugalitate
577 1916 637 1961 sua
659 1889 824 1962 militaris
843 1889 898 1960 vir
911 1902 1062 1960 cunctos
1077 1885 1146 1959 sibi

140 2022 304 2083 mites
325 2005 368 2079 ad
389 2005 613 2080 honestatem
634 2004 871 2106 provocabat,
896 2004 1150 2107 parcimoniae·

140 2121 332 2199 tmodesta
355 2123 586 2199 restrictione
610 2122 834 2221 regularibus
857 2122 964 2194 etiam
988 2120 1150 2220 personis

140 2238 288 2340 mplum
308 2237 561 2340 portendebat.
581 2239 776 2339 Nunquam
793 2266 899 2338 poma
918 2240 955 2312 in
979 2237 1151 2310 viridario

140 2352 261 2445 sedit,
293 2382 482 2458 nunquam
504 2383 589 2430 uvas
612 2359 649 2429 in
673 2359 796 2445 vinea,
822 2384 889 2431 nec
911 2356 1088 2431 avellanas
1113 2357 1151 2427 in

140 2475 363 2575 angustavit.
379 2477 571 2549 Canonicis
584 2475 827 2561 solummodo,
841 2476 884 2550 ad
897 2500 1153 2576 mensamque

140 2590 375 2681 sonebautur,
401 2592 565 2667 sumebat
588 2593 701 2685 horis,
723 2594 846 2669 dicens
862 2593 1058 2670 brutorum
1076 2592 1154 2666 ani·

141 2708 235 2784 lium
253 2736 347 2798 esse,
371 2736 446 2783 non
472 2709 649 2799 hominis,
671 2713 859 2785 comedere
878 2710 1056 2812 quidquid
1078 2711 1154 2783 lors

140 2842 305 2927 gereret,
320 2824 453 2927 absque
466 2826 751 2901 consideratione
763 2827 831 2900 loci
846 2842 882 2898 rt
895 2827 1080 2925 temporis.
1093 2827 1157 2897 be·

143 2942 154 3013 i
170 2939 359 3014 connubio
372 2956 582 3033 contentus,
596 2942 794 3014 castitatem
808 2938 963 3031 amabat,
974 2938 1157 3013 etobscnr·

140 3076 238 3134 atem
263 3057 422 3132 libidinis
447 3086 520 3132 non
533 3117 544 3149 ,
566 3077 607 3131 ut
630 3060 753 3152 laicas,
777 3059 915 3159 vulgari
941 3056 1159 3131 verbositate

141 3172 334 3275 operabat,
351 3174 426 3265 sed,
446 3191 487 3246 nt
500 3174 630 3248 doctor
646 3176 913 3261 ecclesiasticas,
929 3174 1064 3274 argutis
1078 3172 1160 3247 alle

140 3289 295 3367 tionibus
306 3291 420 3391 palam
435 3291 859 3392 condemnabat.tt·juaia
869 3308 906 3365 et
916 3318 1063 3365 ‹ursticm
1074 3316 1159 3365 con·

140 3408 282 3483 tentiam
295 3410 411 3481 cantis
426 3410 462 3480 in
479 3408 650 3482 omnibus
665 3408 850 3497 laudabat,
866 3425 903 3481 et
922 3410 994 3508 ipse
1007 3408 1160 3481 viriliter

143 3552 182 3597 se
194 3551 263 3626 pro
278 3524 426 3599 modulo
443 3526 520 3597 laici
538 3525 729 3599 retinebat.
749 3525 779 3598 Λ
796 3527 932 3627 rapinis
948 3525 1162 3599 omnimodo

142 3879 167 3945 ι)
184 3872 299 3930 Prdsds
312 3874 448 3937 ilcestre,
464 3872 490 3931 le
507 3873 537 3929 ¹8
548 3873 662 3929 octobre
678 3876 754 3931 1⁰81.

140 3974 170 4037 a)
187 3969 270 4023 &tte
286 3968 389 4023 tamilla
407 3970 572 4033 llsuroisiu.
585 3969 737 4038 origiuaire
748 3968 783 4023 dr
795 3968 918 4029 llantm,
933 3966 995 4021 s'est
1010 3964 1112 4020 e'talrlie
1127 3984 1164 4021 rn

140 4058 285 4122 modio,
308 4061 345 4111 oti
362 4059 446 4113 elles
466 4058 580 4132 possode
597 4059 636 4113 les
656 4070 743 4114 terres
761 4059 796 4114 tt·-
812 4056 1166 4113 suntantea-nactis·

140 4166 159 4201 .·s
170 4138 296 4211 licteus,
310 4160 338 4203 ct
350 4149 500 4221 Scrquigui
513 4148 694 4222 prebemus.
