2768 5094
48 419 258 497 pois-noo]
425 417 540 478 iussu
562 418 757 493 oureus.
1068 427 1129 487 sss

49 552 164 628 sunt,
185 535 323 636 positus
344 550 408 607 est.
432 534 626 609 Ordinatus
642 553 781 624 autem,
805 539 966 612 lliveusis
980 542 1038 639 (s)
1059 541 1128 614 ab·

52 652 162 725 batiae
180 653 314 753 (quam
330 652 529 726 Lemeelina
547 654 727 726 comitissa
750 654 935 730 Guillelmi
958 657 1130 733 Aurensis

50 772 200 843 comitis
217 795 310 843 uxor
327 772 599 867 construxerat)
617 797 740 843 curam
758 774 936 872 suscepit,
955 775 1130 877 annisque

54 911 144 958 xxxi
158 883 250 959 bene
261 886 383 959 vivens
394 901 432 958 et
440 882 572 959 doeens
584 885 723 960 utiliter
735 888 854 960 tenuit
859 916 871 976 ;
884 903 920 963 et
933 916 1042 964 senex
1054 889 1132 990 ple-

52 1027 196 1101 nusque
213 999 354 1074 dierum
372 1027 517 1074 cursum
535 1004 722 1102 proesentis
735 1005 819 1076 vitae
837 1006 1045 1106 complevit.
1058 1007 1130 1080 Ve-

52 1116 227 1191 nerabilis
244 1115 433 1190 Dumndus
447 1120 687 1192 Troameusis
704 1118 813 1192 abbas
839 1147 970 1221 corpus
993 1125 1069 1222 ejus
1092 1124 1130 1196 in

51 1236 200 1307 basilica
220 1235 258 1306 S.
279 1236 406 1309 blariae
429 1237 610 1335 sepelivit,
639 1252 676 1309 et
702 1237 937 1313 memorabile
959 1266 1104 1314 carmen
1117 1294 1128 1329 ,

48 1351 154 1454 quod
172 1378 279 1451 super
294 1351 462 1424 luminam
476 1352 646 1425 mausolei
665 1358 740 1451 ejus
757 1354 982 1454 sculperetur
999 1355 1128 1443 edidit,

52 1473 92 1543 iu
119 1495 196 1571 quo
222 1495 341 1543 mores
367 1487 404 1543 et
433 1471 584 1543 virtutes
611 1471 762 1568 praesati'
778 1471 1070 1547 archimandrites
1095 1487 1132 1547 et

48 1589 240 1660 mrismsta
251 1612 334 1687 quse
348 1587 522 1659 divinitus
539 1588 669 1660 inserta
687 1588 737 1659 illi
753 1587 911 1677 fuemrst,
931 1591 1133 1666 luculenter

50 1705 103 1775 sic
121 1700 305 1804 patefecit.

196 1871 251 1927 llic
260 1873 333 1943 jaoet
347 1872 487 1927 Ainardus
499 1872 625 1929 redolens
640 1884 670 1928 ut
683 1875 780 1947 pistica
795 1875 897 1930 nardus

232 1961 379 2017 Virtutum
393 1961 489 2016 inultis
502 1962 618 2016 lloribus
630 1973 659 2017 et
672 1964 796 2027 meritis;

196 2056 219 2107 A
233 2071 290 2126 quo
304 2051 436 2106 fundatus
449 2051 526 2107 locus
536 2063 579 2107 est
592 2054 678 2108 hicet
691 2052 840 2109 edificatus

235 2139 344 2214 lugenti
358 2141 466 2209 studio,
484 2160 533 2196 nec
548 2141 658 2197 modico
670 2142 770 2215 pretio.

198 2229 252 2284 liii·
264 2228 318 2283 luit
332 2228 378 2283 lsic
393 2246 510 2302 maguus
520 2229 673 2303 probitate,
690 2230 778 2284 suasis
789 2240 820 2283 ut
831 2247 934 2301 agnus,

234 2319 300 2372 l'ita
313 2320 492 2391 conspicuus,
503 2317 634 2391 dogmate
645 2319 814 2392 precipuus,

196 2408 314 2465 Sobrius
325 2420 354 2464 et
365 2420 470 2473 castus,
485 2409 621 2483 prudeus,
636 2408 753 2482 simplex
765 2419 793 2463 et
807 2410 953 2474 honustus,

234 2498 342 2553 l‘ollesss
356 2499 486 2565 consilio,
501 2498 591 2553 clarus
604 2501 634 2554 iu
646 2498 746 2553 officio.

199 2590 301 2645 llentis
312 2589 379 2643 lsuic
392 2591 510 2659 pratitas
522 2600 583 2644 erat
596 2601 625 2643 et
637 2590 774 2644 maturior
787 2600 862 2654 etas,

231 2679 363 2754 fatumue
375 2680 512 2742 cesaries,
528 2678 576 2733 sed
589 2680 680 2735 tenuis
694 2679 785 2734 iacies.

197 2772 305 2835 Quem,
321 2786 408 2822 nonas
419 2766 541 2822 decimas
552 2766 651 2821 februo
661 2778 806 2839 promente
819 2765 961 2829 kalendas,

234 2856 356 2911 Alistulit
370 2856 468 2911 ultisua
482 2873 540 2909 sors
551 2866 579 2909 et
594 2857 687 2928 rapuit
700 2857 754 2910 cita
769 2872 853 2909 mors.

198 2945 253 2999 Pro
263 2964 336 3019 quo,
351 2948 399 3019 qui
413 2946 528 3009 transis,
543 2943 658 3016 supplex
671 2961 752 2998 orare
764 2961 870 2997 memor
883 2943 933 3006 sis,

237 3033 274 3088 {fr
288 3035 361 3089 sirei
376 3036 456 3090 saties
468 3033 537 3089 alma
551 3034 603 3089 Dei
617 3033 709 3089 facies.

104 3180 270 3253 Diversis
294 3177 439 3251 ecclesia
463 3194 605 3253 rectore
622 3179 775 3277 proprio
793 3173 957 3261 viduata,
978 3174 1128 3249 fulconi

54 3296 280 3368 Uticensium
292 3295 405 3395 priori
421 3295 465 3367 ad
482 3294 678 3393 regendum
691 3292 770 3364 slata
785 3306 859 3378 est,
874 3307 911 3364 et
922 3293 1023 3390 ipsea
1036 3289 1130 3364 llod·

53 3408 1129 3511 bertoSalarieusiepiseopo,abbasc0nseeratusest.Praelata

52 3530 187 3603 domus
198 3528 242 3603 ab
259 3531 336 3630 ipso
349 3546 513 3629 tempore
526 3528 713 3603 Guillelmi
727 3528 819 3629 regis
834 3542 872 3601 et
886 3525 1062 3601 liodberti
1074 3552 1131 3602 se·

54 3641 1131 3746 cuudiducispluribusanuisgubemtaest,etmagnificese·

54 3762 216 3837 eundum
225 3766 537 3865 opportunitatem
549 3763 721 3861 temporis
730 3762 979 3863 proveetaest(
985 3765 1031 3859 a).
1039 3760 1128 3857 Qus·

91 4026 99 4084 ζ
106 4022 130 4087 ι)
145 4018 199 4073 Sus
213 4029 286 4073 oette
301 4019 419 4091 abbaye,
436 4038 516 4091 rores
530 4018 683 4083 ei-dessus,
698 4039 726 4091 p.
745 4017 785 4074 13.

88 4110 129 4171 ¹‘aff
149 4106 302 4181 l'oulques,
319 4112 448 4164 cosssaem'·
461 4128 510 4182 par
523 4107 628 4163 llohert
637 4110 741 4182 mique
750 4107 786 4163 de
797 4108 877 4175 sees,
894 4109 1032 4183 indisposs
1046 4110 1130 4165 lreass·

55 4216 130 4269 «susp
148 4216 189 4253 ses
207 4196 384 4255 administres
403 4218 452 4272 par
466 4198 491 4253 la
505 4200 622 4255 seserlte
635 4216 698 4255 atet
711 4197 828 4273 liqttelle
845 4197 865 4254 ll
881 4198 920 4253 les
938 4199 1028 4255 Ualla.
1049 4201 1130 4259 dttflt
