<?xml version="1.0" encoding="UTF-8"?>
<!DOCTYPE html PUBLIC "-//W3C//DTD XHTML 1.0 Transitional//EN"
    "http://www.w3.org/TR/xhtml1/DTD/xhtml1-transitional.dtd">
<html xmlns="http://www.w3.org/1999/xhtml" xml:lang="en" lang="en">
 <head>
  <title>
</title>
<meta http-equiv="Content-Type" content="text/html;charset=utf-8" />
  <meta name='ocr-system' content='tesseract 3.04.00' />
  <meta name='ocr-capabilities' content='ocr_page ocr_carea ocr_par ocr_line ocrx_word'/>
</head>
<body>
  <div class='ocr_page' id='page_1' title='image "./ordericivitalis06deligoog_0129.png"; bbox 0 0 2768 5094; ppageno 0'>
   <div class='ocr_carea' id='block_1_1' title="bbox 273 386 1381 663">
    <p class='ocr_par' dir='ltr' id='par_1_1' title="bbox 273 386 1381 663">
     <span class='ocr_line' id='line_1_1' title="bbox 276 386 1343 471; baseline 0.005 -22"><span class='ocrx_word' id='word_1_1' title='bbox 276 392 335 451; x_wconf 69' lang='lat'>116</span> <span class='ocrx_word' id='word_1_2' title='bbox 498 387 684 449; x_wconf 75' lang='lat' dir='ltr'>HISTORIA</span> <span class='ocrx_word' id='word_1_3' title='bbox 703 386 1012 451; x_wconf 69' lang='lat' dir='ltr'>ECCLESIASTICA.</span> <span class='ocrx_word' id='word_1_4' title='bbox 1243 392 1343 471; x_wconf 64' lang='lat' dir='ltr'>[M]</span> 
     </span>
     <span class='ocr_line' id='line_1_2' title="bbox 273 507 1381 663; baseline 0 -78"><span class='ocrx_word' id='word_1_5' title='bbox 273 510 378 586; x_wconf 90' lang='lat' dir='ltr'>obiit.</span> <span class='ocrx_word' id='word_1_6' title='bbox 404 511 445 582; x_wconf 92' lang='lat' dir='ltr'>lu</span> <span class='ocrx_word' id='word_1_7' title='bbox 472 511 669 582; x_wconf 86' lang='lat' dir='ltr'>erastinum</span> <span class='ocrx_word' id='word_1_8' title='bbox 694 533 782 584; x_wconf 86' lang='lat' dir='ltr'>vero</span> <span class='ocrx_word' id='word_1_9' title='bbox 807 507 936 583; x_wconf 86' lang='lat' dir='ltr'>Vitalis</span> <span class='ocrx_word' id='word_1_10' title='bbox 961 510 1266 585; x_wconf 79' lang='lat' dir='ltr'>Bemsioemium</span> <span class='ocrx_word' id='word_1_11' title='bbox 1292 514 1342 611; x_wconf 87' lang='grc' dir='ltr'>(ι)</span> <span class='ocrx_word' id='word_1_12' title='bbox 1378 532 1381 663; x_wconf 76' lang='grc' dir='ltr'>Ι</span> 
     </span>
    </p>
   </div>
   <div class='ocr_carea' id='block_1_2' title="bbox 270 624 1384 3071">
    <p class='ocr_par' dir='ltr' id='par_1_2' title="bbox 271 624 1343 1195">
     <span class='ocr_line' id='line_1_3' title="bbox 273 624 1342 719; baseline 0 -18"><span class='ocrx_word' id='word_1_13' title='bbox 273 625 382 702; x_wconf 87' lang='lat' dir='ltr'>abbas</span> <span class='ocrx_word' id='word_1_14' title='bbox 406 625 450 699; x_wconf 88' lang='lat' dir='ltr'>ad</span> <span class='ocrx_word' id='word_1_15' title='bbox 473 624 724 699; x_wconf 86' lang='lat' dir='ltr'>tumulandum</span> <span class='ocrx_word' id='word_1_16' title='bbox 748 625 904 698; x_wconf 88' lang='lat' dir='ltr'>amicum</span> <span class='ocrx_word' id='word_1_17' title='bbox 924 651 1032 698; x_wconf 90' lang='lat' dir='ltr'>suum</span> <span class='ocrx_word' id='word_1_18' title='bbox 1052 627 1231 719; x_wconf 83' lang='lat' dir='ltr'>aooessit,</span> <span class='ocrx_word' id='word_1_19' title='bbox 1252 643 1292 703; x_wconf 87' lang='lat' dir='ltr'>et</span> <span class='ocrx_word' id='word_1_20' title='bbox 1310 654 1342 701; x_wconf 85' lang='lat' dir='ltr'>m</span> 
     </span>
     <span class='ocr_line' id='line_1_4' title="bbox 272 741 1343 846; baseline 0.001 -26"><span class='ocrx_word' id='word_1_21' title='bbox 272 747 430 820; x_wconf 83' lang='lat' dir='ltr'>elaustro</span> <span class='ocrx_word' id='word_1_22' title='bbox 451 741 646 819; x_wconf 83' lang='lat' dir='ltr'>coenobiali</span> <span class='ocrx_word' id='word_1_23' title='bbox 660 745 764 843; x_wconf 85' lang='lat' dir='ltr'>juxta</span> <span class='ocrx_word' id='word_1_24' title='bbox 780 743 964 817; x_wconf 85' lang='lat' dir='ltr'>ecclesiam</span> <span class='ocrx_word' id='word_1_25' title='bbox 984 743 1022 816; x_wconf 88' lang='lat' dir='ltr'>S.</span> <span class='ocrx_word' id='word_1_26' title='bbox 1041 744 1143 818; x_wconf 86' lang='lat' dir='ltr'>Petri</span> <span class='ocrx_word' id='word_1_27' title='bbox 1162 745 1343 846; x_wconf 77' lang='lat' dir='ltr'>apostolo·</span> 
     </span>
     <span class='ocr_line' id='line_1_5' title="bbox 272 857 1343 960; baseline 0.002 -25"><span class='ocrx_word' id='word_1_28' title='bbox 272 886 356 935; x_wconf 89' lang='lat' dir='ltr'>rum</span> <span class='ocrx_word' id='word_1_29' title='bbox 384 860 557 960; x_wconf 88' lang='lat' dir='ltr'>principis</span> <span class='ocrx_word' id='word_1_30' title='bbox 586 859 770 959; x_wconf 84' lang='lat' dir='ltr'>sepelivit;</span> <span class='ocrx_word' id='word_1_31' title='bbox 808 857 906 933; x_wconf 87' lang='lat' dir='ltr'>unde</span> <span class='ocrx_word' id='word_1_32' title='bbox 932 859 1133 933; x_wconf 88' lang='lat' dir='ltr'>Mainerius</span> <span class='ocrx_word' id='word_1_33' title='bbox 1162 886 1343 937; x_wconf 84' lang='lat' dir='ltr'>successor</span> 
     </span>
     <span class='ocr_line' id='line_1_6' title="bbox 271 975 1341 1080; baseline 0 -27"><span class='ocrx_word' id='word_1_34' title='bbox 271 983 346 1080; x_wconf 84' lang='lat' dir='ltr'>ejus</span> <span class='ocrx_word' id='word_1_35' title='bbox 365 980 483 1079; x_wconf 89' lang='lat' dir='ltr'>ipsum</span> <span class='ocrx_word' id='word_1_36' title='bbox 495 991 579 1078; x_wconf 86' lang='lat' dir='ltr'>post</span> <span class='ocrx_word' id='word_1_37' title='bbox 592 1003 707 1051; x_wconf 89' lang='lat' dir='ltr'>annos</span> <span class='ocrx_word' id='word_1_38' title='bbox 720 1002 744 1050; x_wconf 90' lang='lat' dir='ltr'>x</span> <span class='ocrx_word' id='word_1_39' title='bbox 757 991 793 1051; x_wconf 89' lang='lat' dir='ltr'>et</span> <span class='ocrx_word' id='word_1_40' title='bbox 806 1001 859 1050; x_wconf 86' lang='lat' dir='ltr'>vn</span> <span class='ocrx_word' id='word_1_41' title='bbox 878 1003 962 1050; x_wconf 88' lang='lat' dir='ltr'>cum</span> <span class='ocrx_word' id='word_1_42' title='bbox 977 975 1118 1051; x_wconf 87' lang='lat' dir='ltr'>ossibus</span> <span class='ocrx_word' id='word_1_43' title='bbox 1130 978 1341 1053; x_wconf 79' lang='lat' dir='ltr'>Witsnuntli</span> 
     </span>
     <span class='ocr_line' id='line_1_7' title="bbox 272 1094 1095 1195; baseline -0.007 -23"><span class='ocrx_word' id='word_1_44' title='bbox 272 1098 358 1174; x_wconf 84' lang='lat' dir='ltr'>sosii</span> <span class='ocrx_word' id='word_1_45' title='bbox 384 1098 439 1170; x_wconf 88' lang='lat' dir='ltr'>sui</span> <span class='ocrx_word' id='word_1_46' title='bbox 462 1098 499 1169; x_wconf 91' lang='lat' dir='ltr'>in</span> <span class='ocrx_word' id='word_1_47' title='bbox 520 1095 718 1195; x_wconf 83' lang='lat' dir='ltr'>capitulum</span> <span class='ocrx_word' id='word_1_48' title='bbox 739 1119 876 1168; x_wconf 85' lang='lat' dir='ltr'>novum</span> <span class='ocrx_word' id='word_1_49' title='bbox 895 1094 1095 1167; x_wconf 75' lang='lat' dir='ltr'><strong>transtulit.</strong></span> 
     </span>
    </p>

    <p class='ocr_par' dir='ltr' id='par_1_3' title="bbox 270 1209 1384 3071">
     <span class='ocr_line' id='line_1_8' title="bbox 320 1209 1341 1303; baseline -0.001 -15"><span class='ocrx_word' id='word_1_50' title='bbox 320 1215 389 1288; x_wconf 83' lang='lat' dir='ltr'>xl.</span> <span class='ocrx_word' id='word_1_51' title='bbox 417 1216 528 1287; x_wconf 87' lang='lat' dir='ltr'>Anno</span> <span class='ocrx_word' id='word_1_52' title='bbox 551 1209 597 1284; x_wconf 91' lang='lat' dir='ltr'>ab</span> <span class='ocrx_word' id='word_1_53' title='bbox 617 1212 867 1285; x_wconf 81' lang='lat' dir='ltr'>incarnatione</span> <span class='ocrx_word' id='word_1_54' title='bbox 885 1211 1032 1285; x_wconf 81' lang='lat' dir='ltr'>Domini</span> <span class='ocrx_word' id='word_1_55' title='bbox 1053 1227 1203 1303; x_wconf 61' lang='grc' dir='ltr'>κων,</span> <span class='ocrx_word' id='word_1_56' title='bbox 1230 1212 1341 1287; x_wconf 81' lang='lat' dir='ltr'>indie·</span> 
     </span>
     <span class='ocr_line' id='line_1_9' title="bbox 270 1327 1343 1432; baseline -0.004 -26"><span class='ocrx_word' id='word_1_57' title='bbox 270 1334 373 1406; x_wconf 85' lang='lat' dir='ltr'>tione</span> <span class='ocrx_word' id='word_1_58' title='bbox 383 1342 434 1407; x_wconf 82' lang='grc' dir='ltr'>ιν·</span> <span class='ocrx_word' id='word_1_59' title='bbox 447 1356 569 1404; x_wconf 89' lang='lat' dir='ltr'>mense</span> <span class='ocrx_word' id='word_1_60' title='bbox 579 1329 685 1430; x_wconf 90' lang='lat' dir='ltr'>aprili</span> <span class='ocrx_word' id='word_1_61' title='bbox 697 1328 773 1403; x_wconf 84' lang='lat' dir='ltr'>fere</span> <span class='ocrx_word' id='word_1_62' title='bbox 786 1355 834 1403; x_wconf 89' lang='lat' dir='ltr'>xv</span> <span class='ocrx_word' id='word_1_63' title='bbox 842 1327 1111 1429; x_wconf 81' lang='lat' dir='ltr'>diebussparte</span> <span class='ocrx_word' id='word_1_64' title='bbox 1120 1328 1239 1403; x_wconf 74' lang='lat' dir='ltr'>Cirmi</span> <span class='ocrx_word' id='word_1_65' title='bbox 1249 1356 1343 1432; x_wconf 67' lang='lat' dir='ltr'>eppa</span> 
     </span>
     <span class='ocr_line' id='line_1_10' title="bbox 270 1445 1343 1549; baseline -0.001 -25"><span class='ocrx_word' id='word_1_66' title='bbox 270 1451 347 1524; x_wconf 89' lang='lat' dir='ltr'>ruit</span> <span class='ocrx_word' id='word_1_67' title='bbox 358 1448 458 1523; x_wconf 87' lang='lat' dir='ltr'>stella</span> <span class='ocrx_word' id='word_1_68' title='bbox 471 1474 555 1549; x_wconf 64' lang='lat' dir='ltr'>quse</span> <span class='ocrx_word' id='word_1_69' title='bbox 569 1461 725 1521; x_wconf 78' lang='lat' dir='ltr'>cometes</span> <span class='ocrx_word' id='word_1_70' title='bbox 739 1445 874 1520; x_wconf 89' lang='lat' dir='ltr'>dieitur</span> <span class='ocrx_word' id='word_1_71' title='bbox 886 1448 956 1547; x_wconf 85' lang='lat' dir='ltr'>(a),</span> <span class='ocrx_word' id='word_1_72' title='bbox 970 1472 1056 1547; x_wconf 87' lang='lat' dir='ltr'>qua,</span> <span class='ocrx_word' id='word_1_73' title='bbox 1072 1461 1115 1519; x_wconf 90' lang='lat' dir='ltr'>ut</span> <span class='ocrx_word' id='word_1_74' title='bbox 1126 1448 1343 1549; x_wconf 75' lang='lat' dir='ltr'>perspiceres</span> 
     </span>
     <span class='ocr_line' id='line_1_11' title="bbox 270 1562 1341 1666; baseline 0 -27"><span class='ocrx_word' id='word_1_75' title='bbox 270 1566 460 1666; x_wconf 81' lang='lat' dir='ltr'>astrologi,</span> <span class='ocrx_word' id='word_1_76' title='bbox 481 1565 543 1666; x_wconf 89' lang='lat' dir='ltr'>qui</span> <span class='ocrx_word' id='word_1_77' title='bbox 565 1581 699 1638; x_wconf 86' lang='lat' dir='ltr'>secreta</span> <span class='ocrx_word' id='word_1_78' title='bbox 717 1563 876 1666; x_wconf 83' lang='lat' dir='ltr'>pbysieae</span> <span class='ocrx_word' id='word_1_79' title='bbox 896 1562 1081 1639; x_wconf 69' lang='lat' dir='ltr'>subtiliter</span> <span class='ocrx_word' id='word_1_80' title='bbox 1099 1565 1228 1638; x_wconf 81' lang='lat' dir='ltr'>rimsti</span> <span class='ocrx_word' id='word_1_81' title='bbox 1246 1582 1341 1650; x_wconf 88' lang='lat' dir='ltr'>sunt,</span> 
     </span>
     <span class='ocr_line' id='line_1_12' title="bbox 271 1678 1340 1783; baseline -0.003 -24"><span class='ocrx_word' id='word_1_82' title='bbox 271 1698 485 1772; x_wconf 79' lang='lat' dir='ltr'>asseverant,</span> <span class='ocrx_word' id='word_1_83' title='bbox 502 1682 656 1756; x_wconf 88' lang='lat' dir='ltr'>mutatio</span> <span class='ocrx_word' id='word_1_84' title='bbox 669 1682 771 1782; x_wconf 80' lang='lat' dir='ltr'>regni</span> <span class='ocrx_word' id='word_1_85' title='bbox 788 1679 1007 1783; x_wconf 82' lang='lat' dir='ltr'>designatur.</span> <span class='ocrx_word' id='word_1_86' title='bbox 1022 1678 1217 1756; x_wconf 78' lang='lat' dir='ltr'>Eduardus</span> <span class='ocrx_word' id='word_1_87' title='bbox 1228 1683 1340 1768; x_wconf 83' lang='lat' dir='ltr'>enim,</span> 
     </span>
     <span class='ocr_line' id='line_1_13' title="bbox 270 1795 1342 1899; baseline 0 -24"><span class='ocrx_word' id='word_1_88' title='bbox 270 1827 333 1875; x_wconf 85' lang='lat' dir='ltr'>rex</span> <span class='ocrx_word' id='word_1_89' title='bbox 347 1798 567 1899; x_wconf 80' lang='lat' dir='ltr'>Auglornm,</span> <span class='ocrx_word' id='word_1_90' title='bbox 582 1795 749 1871; x_wconf 87' lang='lat' dir='ltr'>Edelrodi</span> <span class='ocrx_word' id='word_1_91' title='bbox 766 1797 859 1898; x_wconf 81' lang='lat' dir='ltr'>regis</span> <span class='ocrx_word' id='word_1_92' title='bbox 872 1823 916 1871; x_wconf 80' lang='lat' dir='ltr'>ex</span> <span class='ocrx_word' id='word_1_93' title='bbox 928 1797 1057 1870; x_wconf 83' lang='lat' dir='ltr'>Emma</span> <span class='ocrx_word' id='word_1_94' title='bbox 1070 1797 1220 1872; x_wconf 80' lang='lat' dir='ltr'>Riuenli</span> <span class='ocrx_word' id='word_1_95' title='bbox 1235 1799 1342 1875; x_wconf 71' lang='lat' dir='ltr'>senio</span> 
     </span>
     <span class='ocr_line' id='line_1_14' title="bbox 271 1912 1341 2015; baseline 0.001 -25"><span class='ocrx_word' id='word_1_96' title='bbox 271 1918 322 1992; x_wconf 89' lang='lat' dir='ltr'>ris</span> <span class='ocrx_word' id='word_1_97' title='bbox 343 1917 642 1991; x_wconf 88' lang='lat' dir='ltr'>Normannorum</span> <span class='ocrx_word' id='word_1_98' title='bbox 658 1912 759 1986; x_wconf 87' lang='lat' dir='ltr'>ducis</span> <span class='ocrx_word' id='word_1_99' title='bbox 778 1912 852 1987; x_wconf 89' lang='lat' dir='ltr'>lilia</span> <span class='ocrx_word' id='word_1_100' title='bbox 876 1912 1117 2015; x_wconf 80' lang='lat' dir='ltr'>filius,&#39;paulo</span> <span class='ocrx_word' id='word_1_101' title='bbox 1132 1932 1224 1991; x_wconf 86' lang='lat' dir='ltr'>ante</span> <span class='ocrx_word' id='word_1_102' title='bbox 1242 1914 1341 1991; x_wconf 87' lang='lat' dir='ltr'>obie-</span> 
     </span>
     <span class='ocr_line' id='line_1_15' title="bbox 270 2028 1384 2133; baseline -0.002 -25"><span class='ocrx_word' id='word_1_103' title='bbox 270 2051 329 2108; x_wconf 86' lang='lat' dir='ltr'>rat</span> <span class='ocrx_word' id='word_1_104' title='bbox 342 2037 396 2133; x_wconf 71' lang='grc' dir='ltr'>(ὅ)</span> <span class='ocrx_word' id='word_1_105' title='bbox 406 2050 442 2107; x_wconf 90' lang='lat' dir='ltr'>et</span> <span class='ocrx_word' id='word_1_106' title='bbox 454 2030 627 2107; x_wconf 87' lang='lat' dir='ltr'>lleraldus</span> <span class='ocrx_word' id='word_1_107' title='bbox 641 2028 800 2104; x_wconf 88' lang='lat' dir='ltr'>Goduini</span> <span class='ocrx_word' id='word_1_108' title='bbox 818 2031 961 2104; x_wconf 87' lang='lat' dir='ltr'>comitis</span> <span class='ocrx_word' id='word_1_109' title='bbox 977 2028 1071 2103; x_wconf 87' lang='lat' dir='ltr'>lilius</span> <span class='ocrx_word' id='word_1_110' title='bbox 1090 2056 1254 2131; x_wconf 75' lang='lat' dir='ltr'>regnum</span> <span class='ocrx_word' id='word_1_111' title='bbox 1272 2032 1342 2106; x_wconf 77' lang='lat' dir='ltr'>An-</span> <span class='ocrx_word' id='word_1_112' title='bbox 1383 2115 1384 2124; x_wconf 32' lang='lat'>,</span> 
     </span>
     <span class='ocr_line' id='line_1_16' title="bbox 270 2144 1342 2253; baseline -0.002 -28"><span class='ocrx_word' id='word_1_113' title='bbox 270 2152 417 2253; x_wconf 77' lang='lat' dir='ltr'>glorum</span> <span class='ocrx_word' id='word_1_114' title='bbox 434 2164 665 2248; x_wconf 86' lang='lat' dir='ltr'>usurpaverat</span> <span class='ocrx_word' id='word_1_115' title='bbox 682 2148 765 2246; x_wconf 82' lang='grc'>(4),</span> <span class='ocrx_word' id='word_1_116' title='bbox 782 2150 929 2248; x_wconf 88' lang='lat' dir='ltr'>jamque</span> <span class='ocrx_word' id='word_1_117' title='bbox 952 2144 1069 2220; x_wconf 91' lang='lat' dir='ltr'>tribus</span> <span class='ocrx_word' id='word_1_118' title='bbox 1092 2149 1286 2225; x_wconf 88' lang='lat' dir='ltr'>mensibus</span> <span class='ocrx_word' id='word_1_119' title='bbox 1305 2148 1342 2223; x_wconf 80' lang='lat' dir='ltr'>sd</span> 
     </span>
     <span class='ocr_line' id='line_1_17' title="bbox 271 2262 1343 2364; baseline 0 -22"><span class='ocrx_word' id='word_1_120' title='bbox 271 2270 473 2343; x_wconf 90' lang='lat' dir='ltr'>multorum</span> <span class='ocrx_word' id='word_1_121' title='bbox 490 2265 751 2338; x_wconf 85' lang='lat' dir='ltr'>detrimentum</span> <span class='ocrx_word' id='word_1_122' title='bbox 763 2265 925 2364; x_wconf 87' lang='lat' dir='ltr'>perjurio</span> <span class='ocrx_word' id='word_1_123' title='bbox 945 2278 982 2339; x_wconf 89' lang='lat' dir='ltr'>et</span> <span class='ocrx_word' id='word_1_124' title='bbox 998 2262 1235 2356; x_wconf 81' lang='lat' dir='ltr'>erudelitate,</span> <span class='ocrx_word' id='word_1_125' title='bbox 1249 2268 1343 2341; x_wconf 77' lang='lat' dir='ltr'>aliis-</span> 
     </span>
     <span class='ocr_line' id='line_1_18' title="bbox 271 2371 1384 2486; baseline 0.003 -29"><span class='ocrx_word' id='word_1_126' title='bbox 271 2411 344 2486; x_wconf 90' lang='lat' dir='ltr'>que</span> <span class='ocrx_word' id='word_1_127' title='bbox 357 2381 529 2482; x_wconf 89' lang='lat' dir='ltr'>nequitiis</span> <span class='ocrx_word' id='word_1_128' title='bbox 545 2379 706 2480; x_wconf 87' lang='lat' dir='ltr'>pollutus</span> <span class='ocrx_word' id='word_1_129' title='bbox 721 2395 900 2453; x_wconf 87' lang='lat' dir='ltr'>tenuerat.</span> <span class='ocrx_word' id='word_1_130' title='bbox 918 2383 1050 2480; x_wconf 89' lang='lat' dir='ltr'>lnjusta</span> <span class='ocrx_word' id='word_1_131' title='bbox 1064 2406 1201 2483; x_wconf 84' lang='lat' dir='ltr'>nempe</span> <span class='ocrx_word' id='word_1_132' title='bbox 1214 2384 1344 2459; x_wconf 79' lang='lat' dir='ltr'>invasio</span> <span class='ocrx_word' id='word_1_133' title='bbox 1383 2371 1384 2444; x_wconf 69' lang='lat' dir='ltr'>l</span> 
     </span>
     <span class='ocr_line' id='line_1_19' title="bbox 273 2495 1342 2598; baseline 0 -24"><span class='ocrx_word' id='word_1_134' title='bbox 273 2501 423 2575; x_wconf 88' lang='lat' dir='ltr'>nimiam</span> <span class='ocrx_word' id='word_1_135' title='bbox 436 2499 531 2570; x_wconf 82' lang='lat' dir='ltr'>inter</span> <span class='ocrx_word' id='word_1_136' title='bbox 544 2495 714 2598; x_wconf 86' lang='lat' dir='ltr'>quasdam</span> <span class='ocrx_word' id='word_1_137' title='bbox 724 2511 848 2595; x_wconf 84' lang='lat' dir='ltr'>gentes</span> <span class='ocrx_word' id='word_1_138' title='bbox 859 2495 1118 2572; x_wconf 84' lang='lat' dir='ltr'>dissentionem</span> <span class='ocrx_word' id='word_1_139' title='bbox 1130 2503 1342 2589; x_wconf 77' lang='lat' dir='ltr'>summovit,</span> 
     </span>
     <span class='ocr_line' id='line_1_20' title="bbox 273 2610 1345 2716; baseline 0.004 -26"><span class='ocrx_word' id='word_1_140' title='bbox 273 2617 472 2716; x_wconf 90' lang='lat' dir='ltr'>multisque</span> <span class='ocrx_word' id='word_1_141' title='bbox 484 2610 660 2686; x_wconf 89' lang='lat' dir='ltr'>matribus</span> <span class='ocrx_word' id='word_1_142' title='bbox 678 2612 840 2688; x_wconf 90' lang='lat' dir='ltr'>filiorum</span> <span class='ocrx_word' id='word_1_143' title='bbox 851 2628 889 2686; x_wconf 89' lang='lat' dir='ltr'>et</span> <span class='ocrx_word' id='word_1_144' title='bbox 904 2611 1119 2714; x_wconf 80' lang='lat' dir='ltr'>conjugibus</span> <span class='ocrx_word' id='word_1_145' title='bbox 1130 2617 1345 2694; x_wconf 69' lang='lat' dir='ltr'>maritorum</span> 
     </span>
     <span class='ocr_line' id='line_1_21' title="bbox 272 2729 1342 2837; baseline -0.001 -27"><span class='ocrx_word' id='word_1_146' title='bbox 272 2759 399 2809; x_wconf 87' lang='lat' dir='ltr'>necem</span> <span class='ocrx_word' id='word_1_147' title='bbox 413 2746 451 2805; x_wconf 89' lang='lat' dir='ltr'>et</span> <span class='ocrx_word' id='word_1_148' title='bbox 468 2730 607 2804; x_wconf 87' lang='lat' dir='ltr'>luctum</span> <span class='ocrx_word' id='word_1_149' title='bbox 622 2731 776 2830; x_wconf 85' lang='lat' dir='ltr'>peperit.</span> <span class='ocrx_word' id='word_1_150' title='bbox 792 2729 982 2804; x_wconf 75' lang='lat' dir='ltr'>Eduardus</span> <span class='ocrx_word' id='word_1_151' title='bbox 1000 2730 1180 2806; x_wconf 86' lang='lat' dir='ltr'>nimirum</span> <span class='ocrx_word' id='word_1_152' title='bbox 1196 2736 1342 2837; x_wconf 89' lang='lat' dir='ltr'>propin·</span> 
     </span>
     <span class='ocr_line' id='line_1_22' title="bbox 274 2846 1343 2953; baseline 0.003 -30"><span class='ocrx_word' id='word_1_153' title='bbox 274 2878 351 2953; x_wconf 91' lang='lat' dir='ltr'>quo</span> <span class='ocrx_word' id='word_1_154' title='bbox 363 2876 429 2923; x_wconf 89' lang='lat' dir='ltr'>sno</span> <span class='ocrx_word' id='word_1_155' title='bbox 440 2846 729 2923; x_wconf 86' lang='lat' dir='ltr'>Willermoduci</span> <span class='ocrx_word' id='word_1_156' title='bbox 741 2848 1038 2923; x_wconf 88' lang='lat' dir='ltr'>Normannorum</span> <span class='ocrx_word' id='word_1_157' title='bbox 1048 2849 1343 2952; x_wconf 65' lang='lat' dir='ltr'>primoperllob</span> 
     </span>
     <span class='ocr_line' id='line_1_23' title="bbox 274 2963 1341 3071; baseline 0 -30"><span class='ocrx_word' id='word_1_158' title='bbox 274 2966 421 3041; x_wconf 88' lang='lat' dir='ltr'>bertum</span> <span class='ocrx_word' id='word_1_159' title='bbox 433 2964 711 3037; x_wconf 74' lang='lat' dir='ltr'>cantuariorum</span> <span class='ocrx_word' id='word_1_160' title='bbox 723 2990 905 3037; x_wconf 89' lang='lat' dir='ltr'>summum</span> <span class='ocrx_word' id='word_1_161' title='bbox 917 2963 1214 3068; x_wconf 81' lang='lat' dir='ltr'>pontiliuem(5),</span> <span class='ocrx_word' id='word_1_162' title='bbox 1225 2984 1341 3071; x_wconf 81' lang='lat' dir='ltr'>postes</span> 
     </span>
    </p>
   </div>
   <div class='ocr_carea' id='block_1_3' title="bbox 1382 911 1385 2107">
    <p class='ocr_par' dir='ltr' id='par_1_4' title="bbox 1382 911 1385 2107">
     <span class='ocr_line' id='line_1_24' title="bbox 1382 911 1385 2107; baseline 0 0"><span class='ocrx_word' id='word_1_163' title='bbox 1382 911 1385 2107; x_wconf 95' lang='lat' dir='ltr'> </span> 
     </span>
    </p>
   </div>
   <div class='ocr_carea' id='block_1_4' title="bbox 275 3254 1384 4243">
    <p class='ocr_par' dir='ltr' id='par_1_5' title="bbox 308 3254 1382 3403">
     <span class='ocr_line' id='line_1_25' title="bbox 308 3254 1382 3403; baseline -0.007 -71"><span class='ocrx_word' id='word_1_164' title='bbox 308 3277 349 3348; x_wconf 85' lang='grc' dir='ltr'>(ι)</span> <span class='ocrx_word' id='word_1_165' title='bbox 368 3273 485 3342; x_wconf 81' lang='lat' dir='ltr'>Vitalis,</span> <span class='ocrx_word' id='word_1_166' title='bbox 502 3272 623 3347; x_wconf 85' lang='lat' dir='ltr'>premier</span> <span class='ocrx_word' id='word_1_167' title='bbox 636 3271 706 3328; x_wconf 83' lang='lat' dir='ltr'>abbe</span> <span class='ocrx_word' id='word_1_168' title='bbox 718 3271 754 3326; x_wconf 83' lang='lat' dir='ltr'>de</span> <span class='ocrx_word' id='word_1_169' title='bbox 767 3272 876 3327; x_wconf 80' lang='lat' dir='ltr'>bernai.</span> <span class='ocrx_word' id='word_1_170' title='bbox 1377 3254 1382 3403; x_wconf 49' lang='lat' dir='ltr'>p</span> 
     </span>
    </p>

    <p class='ocr_par' dir='ltr' id='par_1_6' title="bbox 275 3360 1382 3794">
     <span class='ocr_line' id='line_1_26' title="bbox 310 3360 1342 3439; baseline 0 -17"><span class='ocrx_word' id='word_1_171' title='bbox 310 3366 350 3439; x_wconf 83' lang='lat' dir='ltr'>(a)</span> <span class='ocrx_word' id='word_1_172' title='bbox 368 3365 450 3422; x_wconf 87' lang='lat' dir='ltr'>Cette</span> <span class='ocrx_word' id='word_1_173' title='bbox 463 3362 571 3419; x_wconf 73' lang='lat' dir='ltr'>eelebre</span> <span class='ocrx_word' id='word_1_174' title='bbox 589 3364 697 3418; x_wconf 72' lang='lat' dir='ltr'>comite</span> <span class='ocrx_word' id='word_1_175' title='bbox 717 3360 761 3417; x_wconf 86' lang='lat' dir='ltr'>lut</span> <span class='ocrx_word' id='word_1_176' title='bbox 779 3360 908 3419; x_wconf 76' lang='lat' dir='ltr'>observes</span> <span class='ocrx_word' id='word_1_177' title='bbox 927 3379 984 3418; x_wconf 89' lang='lat' dir='ltr'>non</span> <span class='ocrx_word' id='word_1_178' title='bbox 1003 3362 1158 3419; x_wconf 81' lang='lat' dir='ltr'>seulement</span> <span class='ocrx_word' id='word_1_179' title='bbox 1176 3362 1250 3421; x_wconf 78' lang='lat' dir='ltr'>dens</span> <span class='ocrx_word' id='word_1_180' title='bbox 1269 3374 1342 3421; x_wconf 79' lang='lat' dir='ltr'>toste</span> 
     </span>
     <span class='ocr_line' id='line_1_27' title="bbox 275 3450 1382 3537; baseline -0.005 -25"><span class='ocrx_word' id='word_1_181' title='bbox 275 3456 420 3530; x_wconf 79' lang='lat' dir='ltr'>l&#39;liuropr,</span> <span class='ocrx_word' id='word_1_182' title='bbox 444 3454 514 3509; x_wconf 86' lang='lat' dir='ltr'>mais</span> <span class='ocrx_word' id='word_1_183' title='bbox 534 3470 636 3509; x_wconf 86' lang='lat' dir='ltr'>enoore</span> <span class='ocrx_word' id='word_1_184' title='bbox 658 3456 673 3507; x_wconf 71' lang='lat' dir='ltr'>l</span> <span class='ocrx_word' id='word_1_185' title='bbox 694 3452 721 3507; x_wconf 83' lang='lat' dir='ltr'>ls</span> <span class='ocrx_word' id='word_1_186' title='bbox 742 3450 850 3517; x_wconf 82' lang='lat' dir='ltr'>Chloe,</span> <span class='ocrx_word' id='word_1_187' title='bbox 874 3453 912 3507; x_wconf 80' lang='lat' dir='ltr'>oli</span> <span class='ocrx_word' id='word_1_188' title='bbox 933 3451 987 3507; x_wconf 87' lang='lat' dir='ltr'>elle</span> <span class='ocrx_word' id='word_1_189' title='bbox 1007 3462 1080 3507; x_wconf 78' lang='lat' dir='ltr'>rests</span> <span class='ocrx_word' id='word_1_190' title='bbox 1101 3451 1203 3509; x_wconf 85' lang='lat' dir='ltr'>visible</span> <span class='ocrx_word' id='word_1_191' title='bbox 1223 3452 1342 3529; x_wconf 70' lang='lat' dir='ltr'>pullat</span> <span class='ocrx_word' id='word_1_192' title='bbox 1379 3480 1382 3537; x_wconf 48' lang='grc' dir='ltr'>ξ</span> 
     </span>
     <span class='ocr_line' id='line_1_28' title="bbox 276 3540 1341 3618; baseline -0.006 -16"><span class='ocrx_word' id='word_1_193' title='bbox 276 3548 475 3618; x_wconf 81' lang='lat' dir='ltr'>soixante-sept</span> <span class='ocrx_word' id='word_1_194' title='bbox 483 3544 572 3616; x_wconf 77' lang='lat' dir='ltr'>jours.</span> <span class='ocrx_word' id='word_1_195' title='bbox 587 3542 611 3597; x_wconf 94' lang='lat' dir='ltr'>ll</span> <span class='ocrx_word' id='word_1_196' title='bbox 622 3542 712 3616; x_wconf 78' lang='lat' dir='ltr'>parsit</span> <span class='ocrx_word' id='word_1_197' title='bbox 722 3560 777 3615; x_wconf 83' lang='lat' dir='ltr'>qne</span> <span class='ocrx_word' id='word_1_198' title='bbox 790 3560 821 3596; x_wconf 88' lang='lat' dir='ltr'>ee</span> <span class='ocrx_word' id='word_1_199' title='bbox 833 3541 877 3597; x_wconf 84' lang='lat' dir='ltr'>fot</span> <span class='ocrx_word' id='word_1_200' title='bbox 888 3541 915 3597; x_wconf 91' lang='lat' dir='ltr'>le</span> <span class='ocrx_word' id='word_1_201' title='bbox 928 3545 963 3609; x_wconf 70' lang='lat'>24</span> <span class='ocrx_word' id='word_1_202' title='bbox 973 3541 1042 3597; x_wconf 80' lang='lat' dir='ltr'>avril</span> <span class='ocrx_word' id='word_1_203' title='bbox 1052 3559 1088 3597; x_wconf 81' lang='lat' dir='ltr'>eu</span> <span class='ocrx_word' id='word_1_204' title='bbox 1099 3540 1158 3597; x_wconf 84' lang='lat' dir='ltr'>soir</span> <span class='ocrx_word' id='word_1_205' title='bbox 1169 3543 1260 3617; x_wconf 74' lang='lat' dir='ltr'>qu’oe</span> <span class='ocrx_word' id='word_1_206' title='bbox 1270 3542 1297 3599; x_wconf 83' lang='lat' dir='ltr'>le</span> <span class='ocrx_word' id='word_1_207' title='bbox 1306 3543 1341 3597; x_wconf 82' lang='lat' dir='ltr'>sit</span> 
     </span>
     <span class='ocr_line' id='line_1_29' title="bbox 275 3629 1340 3709; baseline 0.001 -20"><span class='ocrx_word' id='word_1_208' title='bbox 275 3654 348 3709; x_wconf 89' lang='lat' dir='ltr'>pour</span> <span class='ocrx_word' id='word_1_209' title='bbox 358 3635 382 3688; x_wconf 84' lang='lat' dir='ltr'>la</span> <span class='ocrx_word' id='word_1_210' title='bbox 394 3634 530 3707; x_wconf 71' lang='lat' dir='ltr'>premiere</span> <span class='ocrx_word' id='word_1_211' title='bbox 544 3633 596 3687; x_wconf 87' lang='lat' dir='ltr'>lois</span> <span class='ocrx_word' id='word_1_212' title='bbox 609 3630 635 3685; x_wconf 91' lang='lat' dir='ltr'>le</span> <span class='ocrx_word' id='word_1_213' title='bbox 648 3631 705 3685; x_wconf 86' lang='lat' dir='ltr'>soir</span> <span class='ocrx_word' id='word_1_214' title='bbox 717 3629 785 3686; x_wconf 80' lang='lat' dir='ltr'>dans</span> <span class='ocrx_word' id='word_1_215' title='bbox 798 3630 928 3707; x_wconf 78' lang='lat' dir='ltr'>l’liurope</span> <span class='ocrx_word' id='word_1_216' title='bbox 941 3629 1121 3689; x_wconf 75' lang='lat' dir='ltr'>occidentale.</span> <span class='ocrx_word' id='word_1_217' title='bbox 1136 3629 1188 3689; x_wconf 85' lang='lat' dir='ltr'>On</span> <span class='ocrx_word' id='word_1_218' title='bbox 1198 3648 1238 3689; x_wconf 83' lang='lat' dir='ltr'>en</span> <span class='ocrx_word' id='word_1_219' title='bbox 1250 3644 1340 3690; x_wconf 78' lang='lat' dir='ltr'>nonve</span> 
     </span>
     <span class='ocr_line' id='line_1_30' title="bbox 275 3718 1011 3794; baseline -0.005 -16"><span class='ocrx_word' id='word_1_220' title='bbox 275 3741 332 3778; x_wconf 90' lang='lat' dir='ltr'>une</span> <span class='ocrx_word' id='word_1_221' title='bbox 345 3723 433 3794; x_wconf 83' lang='lat' dir='ltr'>figure</span> <span class='ocrx_word' id='word_1_222' title='bbox 447 3721 582 3793; x_wconf 68' lang='lat' dir='ltr'>grossiore</span> <span class='ocrx_word' id='word_1_223' title='bbox 594 3738 642 3773; x_wconf 83' lang='lat' dir='ltr'>sut·</span> <span class='ocrx_word' id='word_1_224' title='bbox 653 3719 679 3773; x_wconf 88' lang='lat' dir='ltr'>la</span> <span class='ocrx_word' id='word_1_225' title='bbox 690 3720 833 3792; x_wconf 85' lang='lat' dir='ltr'>tapisserie</span> <span class='ocrx_word' id='word_1_226' title='bbox 846 3718 882 3775; x_wconf 83' lang='lat' dir='ltr'>de</span> <span class='ocrx_word' id='word_1_227' title='bbox 893 3718 1011 3794; x_wconf 77' lang='lat' dir='ltr'>bayeux.</span> 
     </span>
    </p>

    <p class='ocr_par' dir='ltr' id='par_1_7' title="bbox 312 3806 643 3881">
     <span class='ocr_line' id='line_1_31' title="bbox 312 3806 643 3881; baseline -0.006 -18"><span class='ocrx_word' id='word_1_228' title='bbox 312 3807 351 3881; x_wconf 75' lang='lat'>(3)</span> <span class='ocrx_word' id='word_1_229' title='bbox 371 3811 408 3863; x_wconf 73' lang='lat' dir='ltr'>le</span> <span class='ocrx_word' id='word_1_230' title='bbox 418 3807 435 3863; x_wconf 86' lang='lat'><em>5</em></span> <span class='ocrx_word' id='word_1_231' title='bbox 445 3809 552 3880; x_wconf 81' lang='lat' dir='ltr'>janvier</span> <span class='ocrx_word' id='word_1_232' title='bbox 567 3806 643 3864; x_wconf 70' lang='lat'><strong>1066.</strong></span> 
     </span>
    </p>

    <p class='ocr_par' dir='ltr' id='par_1_8' title="bbox 313 3897 737 3971">
     <span class='ocr_line' id='line_1_32' title="bbox 313 3897 737 3971; baseline -0.002 -18"><span class='ocrx_word' id='word_1_233' title='bbox 313 3901 352 3971; x_wconf 84' lang='grc'>(4)</span> <span class='ocrx_word' id='word_1_234' title='bbox 372 3901 407 3952; x_wconf 84' lang='lat' dir='ltr'>Le</span> <span class='ocrx_word' id='word_1_235' title='bbox 422 3898 578 3953; x_wconf 83' lang='lat' dir='ltr'>lendemaiu</span> <span class='ocrx_word' id='word_1_236' title='bbox 593 3898 612 3952; x_wconf 90' lang='grc'>6</span> <span class='ocrx_word' id='word_1_237' title='bbox 621 3897 737 3969; x_wconf 80' lang='lat' dir='ltr'>janvier.</span> 
     </span>
    </p>

    <p class='ocr_par' dir='ltr' id='par_1_9' title="bbox 276 3983 1384 4243">
     <span class='ocr_line' id='line_1_33' title="bbox 311 3983 1340 4063; baseline 0.002 -20"><span class='ocrx_word' id='word_1_238' title='bbox 311 3989 351 4061; x_wconf 81' lang='lat'>(5)</span> <span class='ocrx_word' id='word_1_239' title='bbox 371 3988 478 4042; x_wconf 81' lang='lat' dir='ltr'>llobrrt</span> <span class='ocrx_word' id='word_1_240' title='bbox 489 3987 651 4061; x_wconf 81' lang='lat' dir='ltr'>Chatnpart,</span> <span class='ocrx_word' id='word_1_241' title='bbox 666 3986 780 4043; x_wconf 84' lang='lat' dir='ltr'>d’abord</span> <span class='ocrx_word' id='word_1_242' title='bbox 795 3986 866 4043; x_wconf 75' lang='lat' dir='ltr'>abbe</span> <span class='ocrx_word' id='word_1_243' title='bbox 877 3985 913 4042; x_wconf 80' lang='lat' dir='ltr'>tle</span> <span class='ocrx_word' id='word_1_244' title='bbox 923 3986 1066 4059; x_wconf 73' lang='lat' dir='ltr'>Jumttges</span> <span class='ocrx_word' id='word_1_245' title='bbox 1074 4002 1110 4040; x_wconf 90' lang='lat' dir='ltr'>eu</span> <span class='ocrx_word' id='word_1_246' title='bbox 1122 3983 1340 4063; x_wconf 57' lang='lat' dir='ltr'>1037,pr</span> 
     </span>
     <span class='ocr_line' id='line_1_34' title="bbox 276 4069 1384 4152; baseline 0.001 -18"><span class='ocrx_word' id='word_1_247' title='bbox 276 4079 455 4134; x_wconf 76' lang='lat' dir='ltr'>oessivement</span> <span class='ocrx_word' id='word_1_248' title='bbox 468 4075 571 4151; x_wconf 68' lang='lat' dir='ltr'>eaeque</span> <span class='ocrx_word' id='word_1_249' title='bbox 583 4075 618 4131; x_wconf 89' lang='lat' dir='ltr'>de</span> <span class='ocrx_word' id='word_1_250' title='bbox 632 4076 755 4133; x_wconf 84' lang='lat' dir='ltr'>Londres</span> <span class='ocrx_word' id='word_1_251' title='bbox 767 4096 803 4132; x_wconf 89' lang='lat' dir='ltr'>en</span> <span class='ocrx_word' id='word_1_252' title='bbox 818 4080 899 4145; x_wconf 70' lang='lat'>1044,</span> <span class='ocrx_word' id='word_1_253' title='bbox 910 4086 940 4131; x_wconf 89' lang='lat' dir='ltr'>et</span> <span class='ocrx_word' id='word_1_254' title='bbox 951 4075 1124 4152; x_wconf 65' lang='lat' dir='ltr'>erubuique</span> <span class='ocrx_word' id='word_1_255' title='bbox 1133 4073 1340 4135; x_wconf 70' lang='lat' dir='ltr'><strong>‹100an</strong></span> <span class='ocrx_word' id='word_1_256' title='bbox 1383 4069 1384 4117; x_wconf 74' lang='grc' dir='ltr'>Ῑ</span> 
     </span>
     <span class='ocr_line' id='line_1_35' title="bbox 276 4162 1381 4243; baseline -0.005 -18"><span class='ocrx_word' id='word_1_257' title='bbox 276 4187 311 4225; x_wconf 89' lang='lat' dir='ltr'>en</span> <span class='ocrx_word' id='word_1_258' title='bbox 330 4166 410 4237; x_wconf 70' lang='lat' dir='ltr'>snio,</span> <span class='ocrx_word' id='word_1_259' title='bbox 424 4164 566 4223; x_wconf 76' lang='lat' dir='ltr'>chassesle</span> <span class='ocrx_word' id='word_1_260' title='bbox 579 4184 629 4222; x_wconf 85' lang='lat' dir='ltr'>son</span> <span class='ocrx_word' id='word_1_261' title='bbox 648 4169 769 4241; x_wconf 67' lang='lat' dir='ltr'>altgeen</span> <span class='ocrx_word' id='word_1_262' title='bbox 786 4163 852 4223; x_wconf 79' lang='lat'>¹052</span> <span class='ocrx_word' id='word_1_263' title='bbox 869 4184 920 4241; x_wconf 79' lang='lat' dir='ltr'>par</span> <span class='ocrx_word' id='word_1_264' title='bbox 935 4164 1066 4223; x_wconf 80' lang='lat' dir='ltr'>leoomte</span> <span class='ocrx_word' id='word_1_265' title='bbox 1082 4162 1228 4239; x_wconf 65' lang='lat' dir='ltr'>liudwit,</span> <span class='ocrx_word' id='word_1_266' title='bbox 1241 4162 1264 4227; x_wconf 66' lang='grc' dir='ltr'><strong>ὓ</strong></span> <span class='ocrx_word' id='word_1_267' title='bbox 1278 4162 1341 4225; x_wconf 63' lang='grc' dir='ltr'>ΕΒ</span> <span class='ocrx_word' id='word_1_268' title='bbox 1378 4228 1381 4243; x_wconf 49' lang='grc' dir='ltr'>Ι</span> 
     </span>
    </p>
   </div>
   <div class='ocr_carea' id='block_1_5' title="bbox 0 0 1391 5094">
    <p class='ocr_par' dir='ltr' id='par_1_10' title="bbox 0 0 1391 5094">
     <span class='ocr_line' id='line_1_36' title="bbox 0 0 1391 5094; baseline 0 0"><span class='ocrx_word' id='word_1_269' title='bbox 0 0 1391 5094; x_wconf 95' lang='lat' dir='ltr'> </span> 
     </span>
    </p>
   </div>
  </div>
 </body>
</html>
