2768 5094
151 404 209 461 188
426 399 610 460 HISTORIA
633 398 939 462 Eccttsltstlct.
1126 402 1215 478 [M

200 520 334 592 Marius
342 516 1217 617 Suenus(1),GaiusPatricius(2),EdgarusAdeli·

153 664 235 724 nus,
251 635 431 709 Archillus
448 653 485 710 et
496 654 653 738 quatuor
668 637 732 711 filii
747 637 891 725 Kamli,
910 635 1045 735 aliique
1062 651 1218 734 potente

153 769 188 827 et
204 752 343 826 factiosi
360 767 628 843 convenerunt,
645 768 682 827 et
695 753 896 827 consociata
910 777 1023 824 manu
1040 752 1179 824 civium
1189 778 1218 822 ae

152 869 411 955 finitimorum,
425 870 669 944 munitionem
679 871 770 968 regis
784 871 823 942 in
832 868 1000 944 Eboraco
1012 869 1219 968 impugnare

152 989 226 1058 ausi
239 987 550 1061 suntwiltetmus
563 1003 810 1088 cognomento
819 988 986 1074 Maletus,
996 1013 1138 1086 praeses
1149 988 1220 1060 cat

154 1104 284 1175 trensis
302 1105 375 1203 regi
390 1102 623 1178 denunciavit
638 1132 676 1179 se
689 1105 938 1192 defecturum,
956 1104 1028 1178 nisi
1043 1120 1220 1177 maturum

153 1218 252 1293 sessis
269 1219 432 1294 conserat
452 1221 639 1293 auxilium.
660 1223 734 1295 Rex
751 1223 852 1296 ocius
875 1220 1042 1313 advenit,
1072 1221 1112 1294 in
1131 1219 1220 1293 obsi-

154 1334 279 1408 dentes
295 1337 388 1424 ruit,
415 1364 482 1411 nec
502 1337 567 1410 ulli
588 1339 762 1438 pepercit.
787 1337 1038 1437 Multicapti,
1064 1338 1220 1439 plerique

156 1453 358 1542 interfecti,
379 1458 499 1530 caeteri
517 1464 603 1528 suut
619 1456 743 1556 fugati.
762 1457 838 1530 Rex
854 1471 973 1530 autem
989 1454 1068 1530 dies
1085 1471 1174 1530 octo
1192 1456 1220 1526 iu
1253 1458 1257 1487 ¹

156 1569 246 1644 urbe
262 1597 408 1645 morans
423 1573 577 1647 alterum
593 1572 801 1673 praesidium
818 1571 1001 1662 condidit,
1020 1587 1061 1646 et
1075 1570 1222 1646 Guittet
1253 1596 1259 1681 Ι

155 1715 257 1761 mum
279 1691 449 1765 comitem
467 1690 621 1765 0sberni
645 1690 762 1764 filium
777 1690 821 1762 ad
844 1688 1127 1763 custodiendum
1144 1687 1221 1763 reli·

154 1806 249 1904 quit.
266 1807 344 1904 lpse
358 1832 444 1883 vero
461 1807 564 1880 laetus
577 1807 759 1880 Guentam
776 1806 904 1892 rediit,
922 1823 959 1879 et
974 1804 1148 1878 Paschale
1160 1804 1223 1879 sst-

156 1937 233 1995 tum
252 1920 302 1994 ibi
318 1923 524 1997 celebrarit.
544 1926 681 1998 Rursus
698 1924 804 2024 Angli
827 1939 911 2024 post
928 1923 1021 2023 regis
1034 1921 1222 1996 discessum

156 2055 282 2112 contra
314 2056 510 2143 utrumque
547 2041 755 2141 praesidium
785 2041 991 2140 congregati
1027 2056 1143 2125 sunt;
1173 2036 1224 2111 sud

157 2152 353 2230 Guillelmo
374 2157 507 2230 comite
527 2183 610 2228 cum
634 2157 705 2228 suis
730 2155 883 2228 viriliter
906 2155 943 2227 in
966 2152 1124 2256 quadam
1144 2151 1225 2226 valle

155 2269 369 2360 dimicante,
389 2299 474 2346 non
500 2273 792 2372 praevaluerunt3
823 2270 893 2346 sed
908 2269 1076 2375 pluribus
1103 2296 1224 2346 corum

156 2391 269 2486 captis
285 2415 346 2461 seu
365 2389 570 2476 trucidatis,
588 2389 646 2461 alii
667 2388 750 2489 luga
769 2404 926 2464 mortem
943 2387 1182 2461 distulerunt.

207 2502 348 2574 Bellicis
358 2501 567 2575 turbinibus
579 2502 741 2605 undique
756 2501 1025 2605 insurgentibus
1033 2501 1225 2576 admodum

156 2634 362 2716 occupatus,
379 2623 567 2720 conjugem
583 2620 651 2693 sibi
665 2622 819 2693 multum
836 2619 1005 2694 dilectam
1018 2619 1226 2693 Mathildem

157 2734 295 2806 remisit
311 2736 347 2808 in
361 2735 624 2812 Normanniam
639 2765 701 2811 rex
715 2737 946 2826 Guillelmus,
962 2752 1005 2809 ut
1017 2734 1064 2808 ab
1078 2736 1228 2838 Anglico

159 2852 318 2925 tumultu
334 2855 485 2953 seposita
501 2856 538 2928 in
552 2882 639 2955 pace
651 2856 825 2955 religiosis
838 2853 977 2928 actibus
990 2869 1158 2942 vacaret,
1177 2856 1226 2926 iu·

157 2969 409 3072 columemque
431 2974 630 3072 provinciae
652 2989 786 3046 statum
803 2998 887 3045 cum
905 2969 1096 3046 liudberto
1118 2996 1229 3071 puero

158 3104 327 3161 servaret.
344 3091 429 3163 llaec
447 3093 709 3191 consanguinea
727 3089 882 3191 Philippi
898 3091 1126 3164 Francorum
1142 3089 1229 3188 regis

158 3222 248 3294 erat,
268 3223 304 3280 et
319 3236 362 3281 ex
379 3208 524 3310 regibus
536 3209 662 3283 Galliae
675 3234 715 3281 ac
730 3207 1009 3308 imperatoribus
1025 3205 1229 3281 Gemaniae

158 3325 575 3425 originemducehat(3),
588 3326 787 3426 eximiaque
796 3340 866 3398 tam
876 3325 1016 3425 generis
1026 3350 1139 3425 quam
1149 3348 1228 3397 mo-

159 3466 242 3511 rum
257 3439 447 3516 nobilitate
464 3441 616 3517 cluebat.
635 3443 791 3543 Egregio
810 3442 942 3515 marito
958 3439 1072 3515 edidit
1094 3442 1229 3514 utrius·

159 3584 230 3656 que
245 3585 347 3631 sexus
360 3574 520 3657 optatam
533 3559 694 3647 sobolem
711 3591 719 3630 :
738 3557 960 3633 liudbertum
973 3573 1009 3632 et
1024 3557 1228 3633 Ricardum.

164 3783 388 3792 --.——-..
400 3786 404 3790 .
421 3785 471 3791 .-.
489 3785 533 3791 .—

195 3921 234 3987 (t)
254 3916 424 3972 Marleswen.

196 4010 234 4076 lu)
252 4009 415 4081 Gospatric,
433 4006 473 4060 fils
486 4006 519 4059 dr
536 4006 675 4072 llaldred,
692 4008 733 4061 fils
743 4006 779 4061 de
793 4004 907 4061 Crimau.

196 4094 233 4163 1¹3)
252 4098 331 4151 Cettr
342 4098 478 4167 princcssc
488 4097 555 4149 (tait
567 4096 621 4151 fille
632 4095 748 4150 d'Adilc
761 4095 795 4149 dc
810 4095 929 4157 Fraucr,
945 4111 1020 4147 smur
1033 4091 1070 4145 dc
1085 4092 1175 4148 llenri
1190 4090 1228 4147 l‘'.

159 4198 186 4240 rt
203 4208 250 4259 par
264 4192 432 4261 roust'nucnt
444 4187 713 4259 retusior-germainc
723 4186 758 4241 dc
769 4186 898 4258 Plrilippc
911 4184 954 4238 l“.
