2768 5094
109 387 167 447 lOl
386 386 569 447 HISTORIA
592 387 898 450 ECCLESIASTICA.

110 507 245 603 liliam(
251 509 297 603 1),
314 523 423 578 noctu
438 507 628 606 surripuit,
642 507 826 580 etSimorii
838 505 883 581 de
896 506 1114 584 Mentesani
1123 513 1160 608 (ι)
1193 537 1206 581 ι

109 620 145 689 in
164 618 436 689 matrimonium
455 617 566 690 dulit.
584 619 663 717 lpse
678 644 824 720 quoque
840 643 910 720 pro
927 643 1163 721 recompenso
1196 652 1206 697 ι

109 738 208 810 tione
223 734 331 808 liliam
349 734 505 834 ejusdem
518 736 693 824 Simonis,
709 738 859 810 nomine
874 736 989 811 lsabel
1005 741 1080 837 (ὅ),
1094 767 1162 813 uxo
1197 771 1206 841 ,¹

106 854 357 952 1·emaccepit;
385 880 467 954 quae
486 852 646 929 nobilem
674 855 705 928 ei
723 857 863 954 prolem
886 886 894 928 τ
921 858 1163 956 Rogerinmu
1186 874 1192 1017 Ι

1187 1005 1206 1127 Ιι

108 967 304 1041 llodulsum
336 970 496 1068 peperit,
530 968 712 1070 filiamque
741 973 890 1045 nomine
919 971 1163 1061 Godebildem,

106 1113 189 1187 quae
204 1086 303 1185 prius
317 1084 506 1159 Rodberto
522 1087 645 1185 nupsit
660 1087 954 1162 Mellenteusium
969 1091 1095 1164 comiti
1106 1093 1163 1190 (4),
1199 1127 1206 1167 ι

104 1201 234 1274 ‹leinde
257 1200 454 1293 Balduino,
473 1201 549 1274 lilio
568 1201 840 1277 Bolonieusium
866 1204 1030 1278 consulis
1053 1206 1164 1279 Eusts
1188 1148 1206 1299 (ι

106 1319 175 1391 chii
192 1320 259 1418 (5).
274 1319 439 1419 Denique
450 1317 625 1392 Radulfus
638 1346 761 1413 senex,
779 1336 861 1421 post
876 1322 1062 1421 plurimos
1072 1349 1163 1397 ereu-
1199 1364 1206 1412 ρ

107 1455 163 1508 tus
176 1436 279 1508 laetos
293 1436 496 1536 tristesque,
515 1451 569 1508 1x⁰
582 1436 654 1509 kal.
668 1437 791 1537 aprilis
806 1435 901 1511 obiit
914 1440 986 1537 (6),
999 1456 1039 1513 et
1053 1438 1162 1513 undat·
1200 1482 1206 1522 ι

105 1555 123 1625 s
122 1582 161 1625 us
179 1554 275 1627 lilius
290 1557 364 1654 ejus
378 1551 453 1627 fere
471 1578 560 1646 xxiv
573 1554 677 1626 annis
694 1557 851 1655 patrium
861 1559 922 1655 jus
936 1553 1100 1630 obtinuit
1110 1557 1162 1655 (7).
1202 1602 1206 1635 a

105 1672 261 1762 Ambos,
278 1689 319 1746 ut
337 1671 499 1771 improba
519 1662 619 1745 mors
635 1671 702 1746 sibi
723 1701 784 1749 eos
801 1673 981 1763 subdidit,
996 1674 1163 1776 sepultura
1191 1668 1206 1761 ’ς

106 1792 141 1863 in
162 1789 335 1864 coenobio
352 1793 389 1861 Β.
405 1790 501 1861 Petri
518 1789 744 1885 castellionis
759 1792 814 1888 (8)
830 1816 913 1862 cum
928 1789 1094 1890 patribus
1108 1793 1163 1864 suis
1191 1776 1206 1878 l,

103 1907 271 2006 suscepit.
296 1902 407 1978 lsabel
428 1930 533 1992 vero,
553 1920 749 2006 postquam
769 1906 807 1979 in
824 1905 1002 1980 viduitate
1021 1906 1085 1980 diu
1101 1934 1163 2006 per·
1202 1955 1206 1995 3

105 2024 258 2110 mansit,
279 2021 417 2094 lethalis
436 2021 588 2095 lasciviae
605 2024 680 2120 (cui
706 2023 815 2095 nimis
836 2023 873 2094 iu
892 2025 1088 2122 juveutute
1101 2050 1163 2099 ser·

104 2141 232 2239 sierat)
250 2141 448 2240 poenitens,
469 2138 641 2211 saeculum
659 2138 821 2240 reliquit,
842 2155 880 2214 et
902 2140 939 2213 iu
957 2141 1164 2216 monasterio

140 2442 148 2505 (
156 2440 179 2507 ι)
197 2439 307 2507 Agnes,
322 2435 376 2489 fille
388 2434 424 2491 de
437 2433 576 2500 Richard,
591 2444 683 2488 comte
694 2425 846 2503 tl’Erreux,
859 2444 888 2490 et
900 2432 1033 2505 d’Adete,
1045 2453 1128 2491 venre
1139 2434 1167 2488 de

105 2525 199 2598 Roger
213 2525 245 2577 l''
258 2524 293 2577 (le
306 2525 405 2577 Toeui.

139 2633 178 2700 (a)
196 2629 291 2684 Simon
306 2628 350 2695 1⁶,
367 2629 497 2701 seigneur
510 2625 546 2681 de
557 2626 858 2696 Moutlostl'rlmauri,
875 2629 949 2684 anit
960 2627 1024 2702 ᾶᾷὲ
1035 2631 1082 2685 e'ti·
1092 2631 1167 2683 mane

104 2718 176 2774 deux
191 2718 243 2772 lois
256 2727 337 2772 avaut
350 2734 399 2770 son
413 2717 502 2771 uuiou
514 2734 579 2770 avec
592 2717 696 2790 Agubt.
1196 2738 1199 2743 ·

138 2822 178 2895 (3)
197 2824 271 2878 Linea
284 2821 450 2888 Elisabeth,
464 2831 494 2876 et
509 2821 572 2894 plus
585 2820 643 2876 loiu
655 2819 811 2894 lindulfum
823 2830 851 2877 et
862 2820 1025 2895 liopertum.

140 2929 179 2996 (4)
198 2926 285 2980 Notre
295 2935 394 2980 auteur
405 2935 446 2979 est
456 2924 492 2979 ici
505 2922 575 2978 daus
586 2923 712 2977 l’erreur.
728 2922 803 2978 C’est
814 2921 948 2979 tunm
958 2921 998 2978 du
1011 2922 1168 2996 lleubourg.

105 3035 192 3071 neven
213 3015 249 3070 de
264 3014 386 3082 llubert,
408 3025 500 3068 comte
517 3013 552 3067 de
567 3011 693 3078 Meuia,
713 3030 769 3087 que
780 3010 943 3070 Godehitde
960 3013 1006 3069 lut
1020 3015 1124 3071 mai&
1140 3033 1171 3067 eu

106 3107 256 3174 premtl’res
269 3122 361 3158 uoces.

140 3204 179 3278 (5)
198 3205 342 3260 Raudouin
357 3203 392 3257 de
405 3203 560 3277 Boulogne,
574 3204 648 3259 frere
657 3204 743 3278 paine
754 3203 790 3258 de
802 3200 939 3260 Godelrol
948 3200 1137 3269 dellouillou,
1150 3203 1171 3256 lt

105 3299 187 3350 solvit
200 3299 215 3348 lt
226 3295 250 3348 la
260 3296 397 3367 premiere
407 3293 546 3359 croisade,
557 3294 600 3349 lut
610 3292 726 3348 d’abord
735 3303 827 3348 oomte
838 3281 1014 3348 d’fflesoeeu
1026 3311 1107 3370 roy),
1116 3295 1172 3367 puis
1203 3344 1206 3353 ,

105 3387 146 3439 roi
163 3384 198 3438 de
209 3383 388 3438 tesuntema
407 3383 430 3436 la
444 3394 519 3438 mort
535 3381 571 3437 de
587 3399 637 3437 seu
649 3382 723 3437 trem
738 3399 774 3437 eu
794 3399 876 3448 taoo;
888 3380 1051 3437 Godebilde
1064 3392 1171 3437 mourut

105 3492 167 3529 sans
180 3474 290 3528 eulauts
303 3471 339 3527 de
353 3473 393 3528 lui
406 3492 467 3529 vers
479 3472 505 3529 le
517 3482 756 3528 oommeuoemeut
768 3470 804 3527 de
816 3472 843 3527 u
854 3469 988 3527 minda.

141 3576 179 3648 (6)
200 3575 287 3631 llaoul
303 3577 330 3630 ll
343 3575 378 3631 de
391 3577 480 3631 Toeui
492 3576 652 3652 pat-altene
665 3586 740 3631 mort
752 3574 778 3631 le
790 3579 825 3644 ul
835 3593 908 3630 man
923 3592 1001 3631 arou.

140 3683 179 3757 (7)
196 3681 309 3754 ll'aprla
322 3679 348 3734 le
359 3679 445 3734 calcul
459 3679 494 3735 de
511 3691 592 3735 notre
605 3691 714 3745 auteur,
730 3678 818 3735 llaoul
834 3680 877 3735 Ill
888 3680 973 3735 serait
987 3689 1064 3736 Μ
1078 3680 1129 3736 bl:
1141 3680 1174 3734 tiu

105 3771 140 3823 de
159 3769 224 3824 1125
236 3789 273 3825 ou
287 3789 322 3824 au
333 3782 572 3825 commencement
584 3770 620 3825 de
633 3769 709 3826 1126.
723 3771 800 3826 Nous
814 3771 925 3826 u’asous
940 3788 990 3844 pas
1006 3769 1044 3827 dr
1056 3769 1175 3827 douuees

105 3860 167 3932 plus
181 3863 299 3932 precinct
311 3878 360 3915 sur
371 3859 396 3914 la
408 3859 472 3915 date
484 3859 520 3915 de
532 3872 576 3916 cet
588 3864 760 3918 ereuemeut.

141 3966 181 4029 (tu
202 3964 277 4018 Nous
294 3983 377 4019 avons
396 3965 458 4034 ‹ttjt
477 3969 624 4040 remanant
645 3966 714 4040 qu'il
732 3965 819 4022 lallait
838 3964 973 4022 euteudre
992 3983 1046 4041 par
1062 3986 1096 4022 ce
1113 3984 1174 4022 uon

105 4051 228 4122 sabbate
242 4053 277 4104 de
290 4055 427 4108 couches.
