2768 5094
268 402 306 459 aa
468 392 676 456 ‘nisaonn
699 392 1003 454 uectusnsrrca,
1034 394 1328 475 [caesionum]

268 516 482 589 Willermus
498 514 702 598 Talavacius
725 528 886 612 ceperat,
914 540 981 586 nec
1006 515 1103 587 exire
1124 513 1170 588 de
1194 542 1331 590 carcere

268 628 526 732 permittebat,
548 630 630 702 nisi
661 630 876 729 praedictum
904 630 1119 729 dejiceretur
1150 648 1331 720 castrum,

269 748 368 850 quod
385 747 486 821 valde
504 747 696 825 metuebat.
717 754 910 849 Postquam
927 765 1047 822 autem
1065 748 1284 823 Goissredus
1296 751 1334 824 de

269 866 422 939 vinculis
435 866 612 938 Talavacii
631 866 757 954 evasit,
776 864 957 939 Geroiano
975 864 1103 940 baroni
1120 893 1192 964 pro
1211 893 1334 969 magna

270 983 341 1057 fide
350 1010 458 1084 quam
469 984 507 1057 in
516 1009 558 1057 co
569 998 763 1083 repererat,
775 999 931 1055 castrum
940 983 1051 1055 sancti
1061 983 1222 1057 Serenici
1234 1012 1337 1085 super

271 1100 412 1174 Sartain
428 1102 460 1174 ei
477 1102 604 1174 erexit.
623 1100 739 1173 Multa
755 1126 897 1200 possem
912 1098 957 1173 de
967 1099 1165 1174 Willermo
1179 1101 1334 1190 referre,

270 1216 331 1289 sed
355 1216 439 1316 quia
456 1215 620 1316 pliuibus
642 1243 801 1316 occupor
817 1216 913 1288 curis
924 1270 935 1305 ,
956 1240 1067 1315 cogor
1087 1215 1221 1289 adalia
1244 1233 1334 1290 tran·

270 1334 353 1407 sire.
369 1332 421 1406 De
438 1331 510 1406 fine
525 1359 612 1406 vero
629 1336 702 1432 ejus
718 1333 823 1406 latius
837 1331 1117 1433 insequentibus
1129 1333 1331 1409 edisseram.

269 1449 377 1522 Nunc
387 1447 431 1521 de
441 1449 615 1522 fratribus
627 1452 702 1549 ejus
714 1450 770 1548 (ut
782 1476 887 1548 supra
898 1448 1069 1548 promisi)
1082 1451 1334 1549 compendiose

270 1566 445 1665 detegam.

319 1683 487 1757 Fulcoius
496 1737 506 1771 ,
522 1684 584 1785 qui
601 1686 727 1757 tertius
739 1699 829 1773 erat,
845 1683 1070 1757 medietatem
1086 1683 1331 1760 Monasterioii

271 1800 409 1892 babuit,
423 1803 584 1902 duosque
595 1789 930 1892 filios,¹Geroiumet
938 1802 1142 1890 Fulcoium,
1154 1829 1198 1875 ex
1206 1830 1333 1878 concu-

270 1917 356 1992 bina
367 1920 581 2018 procreavit.
597 1923 674 2020 lpse
688 1936 771 2019 post
784 1935 940 1992 mortem
953 1917 1127 1992 Rodberti
1138 1918 1242 1991 ducis
1255 1947 1331 1992 cum

271 2054 454 2137 compatre
477 2064 542 2122 suo
567 2036 770 2112 Gisleberto
790 2037 940 2125 comite,
956 2062 1065 2135 quem
1088 2035 1330 2121 conducebat,

270 2156 407 2227 occisus
427 2171 492 2229 est.
521 2154 717 2228 Rotbertus
737 2169 893 2226 castrum
912 2159 948 2224 S.
970 2153 1127 2226 serenici
1156 2179 1243 2226 cum
1267 2155 1333 2226 cir-

271 2276 491 2369 cumjacente
522 2273 705 2370 provincia
734 2268 798 2342 diu
824 2271 965 2357 tenuit,
995 2271 1099 2369 eique
1122 2269 1332 2345 Willermus

270 2387 344 2458 dux
357 2384 563 2461 Adelaidem
576 2385 831 2460 consobrinam
841 2412 941 2458 suam
957 2387 994 2459 in
1006 2387 1215 2486 conjugium
1223 2388 1330 2479 dedit,

264 2528 313 2574 ex
327 2530 395 2604 qua
412 2500 527 2574 filium
543 2503 692 2576 nomine
708 2501 932 2576 Rodbertum
950 2505 1035 2606 (qui
1058 2529 1156 2576 nunc
1178 2505 1331 2578 Henrico

270 2620 344 2719 regi
363 2617 565 2720 Angiorum
583 2620 733 2717 militat)
753 2623 966 2722 procreavit.
982 2623 1118 2697 Verum
1137 2638 1223 2719 post
1241 2621 1331 2695 mul·

272 2752 323 2807 tas
337 2737 585 2838 mirandasque
599 2736 808 2836 probitates,
822 2765 909 2840 quas
922 2739 1045 2838 gessit,
1060 2740 1200 2839 magnis
1213 2739 1330 2812 simui·

270 2853 404 2927 tatibus
422 2857 512 2929 ortis
531 2857 626 2930 inter
643 2857 873 2931 Normannos
890 2871 927 2930 et
942 2855 1212 2956 Andegavenses
1222 2910 1233 2946 ,
1259 2882 1330 2929 cas-

271 2985 369 3042 trum
379 2972 659 3045 sanctiSerenici
671 2988 796 3046 contra
807 2971 1040 3045 Wiiiermum
1053 2970 1182 3044 ducem
1196 2973 1328 3055 tenuit,

272 3087 394 3191 ibique
411 3114 508 3162 anno
523 3089 672 3162 ducatus
688 3091 844 3189 ejusdem
855 3088 955 3162 ducis
971 3099 1064 3164 xxv⁰
1079 3088 1243 3163 obsessus
1261 3107 1327 3176 est,

269 3233 450 3308 pomoque
474 3222 669 3297 venenato,
699 3207 797 3307 quod
821 3211 964 3309 conjugi
987 3235 1059 3282 suae
1083 3210 1117 3280 vi
1143 3225 1328 3309 rapuerat,

270 3342 449 3414 comesto,
482 3341 564 3425 post
592 3326 755 3427 quinque
779 3324 853 3398 dies
880 3343 1046 3401 mortuus
1070 3341 1135 3399 est.
1161 3326 1331 3400 Raduisus

270 3456 390 3514 autem
402 3441 552 3542 quintus
571 3442 680 3515 frater
697 3442 853 3516 Clericus
871 3442 1145 3543 cognominatus
1160 3456 1234 3524 est,
1251 3443 1331 3542 quia

164 3546 169 3554 ³
269 3561 396 3657 peritia
411 3560 612 3633 litterarum
623 3614 633 3647 ,
650 3560 872 3660 aliarumque
883 3562 1017 3633 artium
1029 3559 1190 3659 apprime
1212 3557 1332 3631 imbu-

268 3691 325 3745 tus
348 3690 412 3747 est.
437 3677 504 3748 Hic
529 3693 566 3750 et
587 3677 840 3750 Mala-Corona
866 3676 1073 3764 vocabatur,
1100 3702 1143 3750 eo
1168 3675 1270 3776 quod
1296 3677 1332 3747 in

263 3796 454 3889 juventute
471 3820 530 3864 sua
553 3793 769 3866 militaribus
791 3797 968 3868 exercitiis
989 3812 1025 3867 et
1048 3791 1253 3867 levitatibus
1275 3793 1333 3866 de-

270 3909 466 3983 tinebatur.
494 3911 591 3984 Artis
616 3912 802 3986 medicinae
828 3915 1062 4013 peritissimus
1088 3913 1176 4000 suit,
1199 3912 1334 3985 multa·

270 4054 421 4128 rumque
444 4056 565 4102 rerum
593 4030 770 4128 profunda
791 4048 944 4119 secreta,
970 4033 1064 4105 unde
1087 4058 1188 4106 senes
1213 4030 1333 4103 liberis

266 4161 302 4218 ct
320 4146 512 4244 nepotibus
537 4149 607 4220 suis
632 4148 744 4223 adhuc
769 4180 836 4250 pro
857 4151 1093 4225 admiratione
1114 4151 1330 4250 loquuntur,
