2768 5094
512 354 629 418 Lmen
651 354 836 433 QUINTUS.
1148 358 1209 424 ⁴1³

140 480 214 575 ;liae
230 503 372 581 regum.
391 477 554 578 Sequens
568 504 587 551 a
602 477 718 577 priori
732 492 899 552 matrona
912 477 1032 579 dispar
1044 479 1210 555 moribus

140 597 271 669 xtitit.
289 599 381 668 Nam
396 592 605 668 maturitate
619 607 657 667 et
674 593 849 695 religione
866 593 998 694 viguit,
1017 594 1209 698 virumque

140 739 240 786 num
267 713 311 787 ad
330 737 491 786 umorem
509 709 773 786 monachornm
797 728 834 785 et
851 711 1098 787 defensionem
1118 740 1208 813 pau·

140 857 265 905 terum
285 829 496 932 frequenter
513 828 690 903 incitavit.

180 947 362 1021 Praefatae
380 948 492 1048 igitur
509 944 615 1021 heroa
626 946 732 1039 mula,
748 973 832 1048 quae
845 948 1060 1050 plerumque
1077 949 1212 1024 lecerat

140 1065 387 1155 Jticensibus‘,
417 1065 595 1155 recoluit,
622 1065 868 1168 pristinosque
889 1082 1009 1140 reatui
1029 1068 1213 1168 sequentia

140 1186 221 1258 titre
240 1183 492 1258 emendatione
512 1184 684 1284 sagaciter
704 1182 848 1258 abolere
872 1182 1023 1257 studuit.
1047 1184 1212 1260 Viriliter

140 1306 236 1378 mim
253 1301 486 1403 postmodum
499 1301 696 1376 monachos
711 1302 863 1402 adjuvit,
880 1319 916 1376 et
932 1304 968 1375 in
989 1302 1211 1380 Normannia

140 1436 171 1495 et
195 1420 323 1522 anglia
340 1420 514 1521 plurimas
531 1444 587 1492 rea
604 1417 676 1491 illia
693 1419 874 1518 erogavit,
894 1433 931 1492 et
948 1419 1031 1512 inde
1051 1418 1211 1494 chartam

140 1536 344 1640 hujusmodi
361 1564 484 1612 eoram
499 1534 711 1638 proceribus
729 1539 801 1609 suis
818 1536 1022 1610 voluntarie
1039 1538 1171 1610 sanxit.

185 1659 275 1758 Ego
287 1657 481 1758 Rogemus,
498 1658 568 1729 Dei
583 1658 710 1756 gratia
726 1654 1055 1729 scrobesburiensis
1074 1681 1208 1749 comes,

140 1775 343 1851 coenobium
361 1776 483 1848 sancti
496 1776 619 1876 patris
641 1773 788 1875 Ebrulfi
809 1773 989 1847 honoram
1004 1789 1157 1876 appeto,
1177 1791 1214 1849 et

140 1895 220 1970 ltoec
235 1891 411 1966 eidemde
422 1890 528 1965 rebus
538 1896 641 1980 meis,
650 1918 724 1993 pro
740 1890 860 1965 salute
870 1917 952 1964 mea
964 1916 1208 1994 meontmque,

140 2015 343 2113 perenniter
356 2006 529 2082 concedo.
545 2008 792 2107 Persingulos
808 2034 926 2080 annos
941 2012 1098 2081 intrante
1110 2008 1212 2108 Qua·

140 2127 354 2229 dmgest‘ma
381 2149 455 2198 xxx
478 2125 619 2199 solidos
651 2126 961 2199 Cenomannensis
986 2142 1140 2200 monetat
1165 2127 1216 2201 da

140 2244 345 2317 redditione
363 2242 577 2317 Alencionis
587 2240 703 2344 jubeo
716 2241 821 2332 dan‘,
838 2242 894 2316 ad
911 2243 1212 2318 illuminationem

140 2360 203 2435 die
229 2378 410 2461 noctuque
427 2356 652 2460 faciendam
683 2361 721 2431 in
753 2358 909 2433 ecclesia
943 2359 1105 2435 Utcemi
1129 2379 1215 2435 ante

142 2480 259 2551 Cruci
313 2505 373 2552 um
406 2479 558 2552 Domini
588 2480 658 2576 (t).
695 2477 922 2579 Passagium
952 2481 1065 2553 etiam
1097 2483 1214 2583 ipsius

140 2597 357 2672 ,tlencionia
375 2613 410 2668 et
427 2622 550 2670 omnes
572 2595 849 2670 consuetudines
869 2597 907 2669 in
925 2611 1003 2670 tota
1021 2612 1118 2671 tenu
1132 2624 1215 2672 maa

141 2712 189 2785 de
201 2715 366 2815 propriis
383 2713 504 2784 sancti
524 2710 628 2784 rubus
646 2709 809 2785 concedo
820 2743 836 2797 ,·
852 2726 888 2782 et
909 2713 947 2782 in
966 2711 1133 2786 omnibus
1148 2739 1217 2786 ne·

140 2830 304 2904 moribus
324 2833 413 2903 meis
432 2831 660 2932 pasnagium
683 2829 731 2902 de
751 2829 1011 2902 monachorum
1023 2833 1152 2933 porcis
1177 2832 1214 2903 in

140 2964 357 3049 perpetuum
381 2945 570 3046 indulgeo.
598 2943 664 3019 Ad
685 2940 929 3042 Eaecaffoium
952 2962 1085 3018 terram
1107 2949 1215 3021 unius

141 3070 262 3137 aratri
286 3065 402 3154 dono,
435 3065 690 3165 decimamque
718 3063 942 3155 molendini,
970 3081 1005 3137 et
1034 3063 1216 3139 decimam

141 3188 302 3256 omnium
337 3183 542 3256 reddituum
576 3182 742 3284 ejusdem
771 3185 886 3257 castri
916 3179 1219 3284 irrefragabiliter

141 3328 270 3375 annuo
279 3332 292 3385 ,·
312 3301 567 3400 decimamque
581 3299 827 3373 nundinarum
843 3299 891 3372 de
904 3299 1079 3374 Plancdis
1096 3300 1154 3400 (a)
1169 3300 1217 3375 da

140 3435 249 3520 parte
268 3444 349 3490 mea
367 3416 518 3489 libenter
536 3416 652 3492 addo.
671 3415 881 3492 Ecclesiam
897 3416 943 3490 de
965 3416 1124 3492 Radone
1144 3418 1213 3519 (ὅ),

180 3710 191 3773 t
198 3710 221 3776 ι)
242 3706 318 3760 Noua
330 3709 426 3780 priona
439 3706 465 3761 le
477 3706 583 3763 lectenr
596 3705 632 3761 de
644 3725 679 3762 oe
698 3724 746 3779 pua
758 3704 868 3761 oublier
880 3721 912 3760 oe
924 3722 979 3779 que
991 3722 1063 3761 oona
1079 3722 1163 3761 arone
1175 3702 1218 3761 dit

145 3794 297 3861 rideatur,
321 3796 341 3850 1.
355 3815 391 3864 ιν,
414 3817 442 3871 p.
461 3796 526 3872 169,
549 3815 597 3852 aur
616 3795 836 3871 l'emplacemeat
854 3796 1030 3870 qn’ooenpait
1047 3796 1174 3869 tonjonrt
1187 3816 1220 3853 oe

145 3885 262 3939 crucilia
276 3883 345 3941 dant
356 3885 396 3940 lee
407 3887 555 3942 aucieouet
567 3885 665 3960 e'glitee
677 3887 772 3954 (entre
785 3885 811 3941 le
824 3885 923 3941 ohtam·
934 3895 962 3940 et
981 3884 1007 3941 la
1026 3885 1130 3942 croieie
1143 3883 1179 3941 de
1191 3883 1219 3939 la

203 3980 211 4009 3

147 3975 222 4133 uli)
241 4064 542 4122 punctuatur-niue.

186 4152 211 4204 ·’3
244 4153 349 4209 Redon.
