2768 5094
501 389 617 451 aaran
638 389 821 466 ouaurus.
1140 396 1200 460 tas

140 512 231 607 prio
247 526 286 584 ot
298 508 455 583 Arnulso
470 509 632 609 singulos
645 509 836 584 comitatus
851 511 909 609 (a)
927 511 1074 586 callidus
1092 511 1198 593 heros

140 652 163 699 n
181 626 260 699 rita
277 652 341 698 sua
353 624 580 725 procuravit,
599 650 691 724 quos
705 641 786 724 post
802 628 876 725 ejus
892 650 1057 701 oceasum
1072 628 1200 707 ambo-

140 769 199 815 ιω
214 740 387 843 perfidia,
405 756 582 842 quante
600 743 773 834 llenrico,
793 742 984 817 ooalestim
1001 743 1162 821 abstulit.
1274 774 1284 791 ·

173 862 237 933 En
263 859 519 961 digressionem
545 860 914 960 quantulamcumque
941 860 1009 937 leci
1036 861 1081 938 de
1106 882 1200 940 oon'·

141 977 333 1051 tructione
348 975 579 1065 monasterii,
593 974 691 1076 quod
710 977 748 1050 in
760 976 877 1052 tundo
890 979 1002 1077 patris
1014 980 1083 1053 mei
1100 1004 1198 1054 nunc

140 1092 310 1168 nlaabitat
326 1092 460 1167 familia
475 1091 630 1180 Christi,
649 1109 686 1167 et
702 1091 764 1166 obi
780 1095 853 1194 ipse
868 1095 1013 1213 genitor
1027 1122 1128 1170 meua
1140 1099 1199 1196 (ut

140 1211 303 1307 neaniai)
317 1213 393 1310 jam
408 1208 655 1311 sexagenarius
677 1226 807 1310 sponte
825 1209 897 1284 line
921 1225 1024 1285 tenus
1041 1214 1199 1312 portavit

140 1352 254 1427 upum
265 1327 428 1401 Domini.
441 1328 562 1414 l'aroe,
579 1352 716 1427 quaeso,
736 1325 833 1428 bone
850 1326 981 1420 lector,
993 1354 1061 1402 nec
1072 1330 1198 1405 moles·

144 1470 209 1516 um
228 1442 293 1516 tibi
311 1444 371 1533 sit,
384 1470 528 1542 precor,
546 1445 573 1516 si
588 1443 633 1518 de
649 1458 751 1543 pat-re
766 1471 847 1519 meo
860 1444 995 1545 aliquid
1011 1448 1197 1523 memoriae

142 1559 341 1635 ndiderim
355 1561 576 1650 litterarum,
595 1588 703 1661 quem
723 1588 798 1635 non
811 1561 904 1653 vidi,
917 1589 960 1636 ex
971 1588 1047 1664 quo
1063 1590 1139 1653 me,
1156 1583 1198 1639 ιιι

140 1705 278 1753 nosram
296 1678 364 1752 sibi
382 1680 590 1780 privignum
609 1695 645 1753 et
669 1702 737 1778 pro
757 1703 880 1753 amore
902 1681 1101 1769 creatoris,
1131 1708 1197 1780 po-

140 1795 221 1869 ntia
241 1794 455 1868 inexilium.
471 1795 550 1865 lam
562 1818 635 1865 χιιι
649 1793 734 1866 anni
752 1808 855 1882 sunt,
872 1794 911 1866 in
925 1791 1058 1894 quibus
1070 1796 1196 1869 multae

140 1914 348 1986 nutationes
368 1936 491 1985 rerum
520 1911 588 1984 late
609 1938 675 2012 per
696 1909 824 1985 orbem
850 1911 955 1985 sactae
977 1928 1075 1986 sunt.
1101 1916 1197 1987 Dum

140 2058 223 2131 aepe
238 2030 283 2105 de
300 2029 355 2102 his
371 2030 512 2129 rogito,
531 2044 568 2102 et
588 2029 755 2128 quaedam
776 2029 909 2102 chartis
933 2029 1053 2103 insero
1077 2032 1197 2130 (oaute

140 2147 296 2221 resistens
317 2146 432 2243 otio),
451 2145 503 2218 sic
520 2143 658 2217 dictans
674 2169 733 2219 me
756 2170 918 2219 exerceo.
946 2144 1052 2220 Nunc
1069 2148 1112 2220 ad
1135 2149 1196 2221 in·

140 2278 288 2361 uptam
311 2275 471 2335 revertar
492 2260 700 2348 materiam,
724 2263 884 2361 meisque
902 2259 1111 2360 junioribus
1132 2262 1196 2337 ad-

140 2403 217 2451 tena
235 2376 412 2478 indigenis
422 2374 469 2451 de
481 2375 588 2449 rebus
598 2376 686 2466 suis,
697 2402 780 2477 qum
795 2377 976 2465 nesciunt,
989 2376 1192 2471 edisseram,

140 2511 162 2567 et
181 2494 253 2568 lroe
270 2497 320 2569 ais
338 2493 449 2569 modo
466 2493 618 2580 utiliter,
637 2494 840 2593 opitulante
857 2495 947 2582 Deo,
965 2495 1129 2568 tertiam.

175 2611 262 2686 XV.
289 2611 562 2711 {Canca1075.]
587 2608 800 2685 Goisbertus
827 2612 915 2684 civis
942 2611 1193 2703 Carnotensis,

139 2747 168 2804 ιι
184 2730 324 2803 dictum
340 2744 394 2803 est
406 2729 484 2827 (a),
503 2727 547 2800 ad
563 2729 837 2802 conversionem
859 2729 981 2818 venit,
1004 2731 1195 2826 optimam-

140 2872 197 2947 [ιιι
209 2845 381 2932 dmnum,
398 2868 507 2944 cpiam
525 2843 562 2916 in
581 2842 673 2916 urbe
693 2840 878 2931 habuerat,
899 2868 973 2915 xxx
992 2842 1094 2916 libris
1107 2846 1193 2918 Car·

140 2963 335 3037 rotensium
361 2959 542 3046 vendidit,
570 2973 759 3060 totumque
783 2960 940 3060 pretium
964 2959 1192 3035 Uticensibus

140 3094 278 3151 ›vaonr
286 3075 423 3151 retulit.
437 3076 504 3148 llic
513 3090 589 3150 erat
602 3091 735 3149 statura
747 3102 918 3176 procerus
930 3090 967 3149 et
978 3076 1094 3164 exilis,
1108 3094 1192 3152 mo·-

140 3192 227 3267 ibus
244 3193 421 3294 benignus
440 3208 476 3267 et
495 3190 707 3280 tractabilis,
721 3193 969 3291 magnanimus
980 3209 1016 3267 et
1030 3192 1187 3292 dapsilis.

140 3313 171 3382 it
191 3313 277 3411 qnia
295 3311 483 3384 medicinae
499 3310 585 3381 artis
601 3324 678 3382 erat
694 3310 948 3409 peritissimus,
972 3310 1094 3385 maltis
1114 3328 1186 3385 erat

140 3442 234 3502 totus
249 3443 286 3502 et
310 3427 526 3502 neeessarius
543 3450 584 3498 ae
600 3424 785 3499 familiaris
808 3428 958 3499 amicus.
979 3427 1047 3499 Per
1073 3427 1190 3527 ipsum

140 3562 246 3645 taque
257 3542 466 3618 fulcherius
476 3540 707 3617 Carnotensis
722 3557 759 3617 et
775 3543 902 3618 Petrus
912 3542 956 3616 da
970 3542 1102 3617 Manlia
1119 3545 1188 3643 (5),

144 3660 257 3760 liique
276 3660 397 3761 plnres
413 3659 581 3733 notitiam
595 3658 819 3731 Utinensium
833 3657 1024 3759 amplexati
1038 3674 1138 3752 sunt,
1151 3674 1188 3735 et

155 3978 163 4011 s
172 3982 195 4042 a)
215 3972 265 4025 Les
277 3974 381 4025 comtos
391 3969 426 4023 ile
441 3969 584 4024 barastro
596 3978 624 4021 ot
636 3967 672 4022 ‹ta
686 3966 839 4022 l‘ombrolar

157 4066 165 4105 ι’
173 4070 196 4129 ι)
217 4060 309 4130 tom
322 4059 468 4127 cisimus,
485 4079 511 4133 p.
526 4055 578 4131 396
590 4068 619 4111 ct
633 4062 692 4121 loa.

158 4150 197 4221 13)
217 4150 322 4214 Manio,
337 4150 425 4219 baurg
440 4167 486 4204 sur
502 4148 528 4202 la
543 4146 667 4204 ttautdrc
680 4146 924 4216 (Setae-etone).
