2768 5094
125 374 165 431 93
400 359 910 424 111srou1eecctes11sr1cs.
1090 365 1189 444 [sose]

126 516 193 591 que
201 487 467 591 periclitantur,
488 497 522 553 et
535 507 603 580 ego
617 481 711 555 inter
721 498 911 582 utramque
918 499 1073 584 partem
1087 483 1190 556 ualde

110 610 307 707 fluctuans
325 602 464 674 lioesito.
487 598 672 672 Videlicet
688 601 777 699 quia
792 618 826 672 et
842 600 1015 698 proelatis
1033 605 1129 675 meis
1142 627 1190 673 rm

123 723 212 796 bene
224 722 303 794 loco
315 733 414 791 stare
427 713 712 788 asseverantibus
722 718 968 815 acpcrsistene
977 714 1189 816 jubentibus

122 839 329 913 inobediens
341 833 432 934 sore
451 859 525 906 non
549 831 670 904 audeo
679 864 698 918 ,ε
721 846 756 903 et
764 829 904 929 fratris
928 832 1189 907 calumniantis

122 965 217 1034 iram
233 954 431 1052 odiumque
448 948 674 1021 veliementer
675 948 845 1044 formido
853 1003 867 1037 ,
884 957 1098 1048 prasentia
1115 975 1191 1024 cum

121 1074 328 1147 sacerdotes
349 1085 384 1141 et
404 1063 572 1140 monachi
593 1066 706 1136 simus
730 1063 850 1136 ambo.
878 1065 979 1137 Dum
999 1068 1107 1139 enim
1123 1093 1191 1139 oca

120 1189 327 1293 apostolica
344 1184 551 1260 terribiliter
565 1179 730 1253 omnibus
751 1183 887 1254 intonet
903 1181 1031 1255 dicens
1048 1211 1061 1255 .·
1078 1183 1191 1257 omnis

120 1307 183 1406 qui
197 1304 276 1378 odit
288 1303 437 1375 fratrem
449 1323 553 1371 suum
567 1294 745 1369 homicida
763 1310 817 1370 est
832 1300 899 1394 (1),
919 1299 1003 1397 quis
1019 1323 1192 1371 enanure

120 1420 252 1517 sufficit
269 1445 380 1517 quam
395 1440 508 1515 graue
525 1411 762 1485 homicidium
780 1429 965 1512 perpetrat
989 1413 1193 1487 monachus

120 1535 293 1609 sacerdos
303 1532 466 1631 fratrem
486 1557 593 1601 suum
614 1526 776 1601 odiens?
792 1529 845 1600 Et
868 1531 903 1600 si
924 1530 977 1601 ita
1002 1529 1194 1604 adultam

120 1650 322 1750 sacrificat,
338 1675 420 1721 eum
434 1648 596 1718 animam
611 1672 718 1717 suam
731 1645 910 1717 darrsuam
921 1650 1004 1745 quis
1021 1645 1195 1747 ignorat?

121 1765 306 1854 Proinde,
341 1763 488 1835 donsine
516 1760 735 1861 apostolice,
774 1762 882 1832 totius
914 1758 1194 1835 christianitatis

119 1900 229 1984 puter
242 1878 547 1965 reverendissime,
563 1891 659 1948 terra
675 1893 777 1949 tenus
790 1893 996 1976 prostratus
1009 1877 1068 1951 ad
1078 1878 1194 1980 pedes

121 1995 382 2072 misericordia
392 2009 521 2067 vestrce
534 1992 748 2091 lacrymosis
759 1990 954 2090 gemitibus
965 1995 1194 2092 pracordia-

122 2117 204 2189 liter
225 2114 385 2216 efflagito
408 2127 446 2182 ut
461 2136 551 2194 vos,
576 2111 642 2208 qui
660 2111 699 2180 in
716 2108 795 2182 loco
818 2107 916 2181 beati
931 2112 1035 2182 Petri
1049 2138 1195 2185 scannia

125 2231 320 2330 vigilantia
330 2252 411 2300 oues
424 2225 629 2297 dominicas
642 2224 758 2310 alere,
778 2242 813 2295 et
824 2251 849 2296 a
864 2223 1036 2326 luporum
1048 2227 1194 2300 insidiis

123 2343 305 2421 custodire
333 2340 492 2428 debetis,
524 2338 634 2439 bajus
665 2339 800 2439 lupina
827 2339 1026 2415 discordia?
1056 2341 1194 2416 malum

126 2467 218 2536 inter
233 2487 290 2531 mc
306 2475 340 2530 et
345 2457 507 2558 fratrem
529 2455 643 2545 leuna,
662 2455 795 2556 dequo
814 2455 952 2557 loquor,
972 2457 1194 2533 Radbertus!

126 2606 177 2654 ccc
195 2577 269 2650 :elo
285 2576 360 2648 Dei
368 2573 631 2675 perjudicium
644 2576 827 2672 <equitatis
840 2574 985 2648 abolere
988 2572 1192 2675 festinetis,

127 2714 161 2770 et
183 2719 321 2766 omnem
347 2692 444 2764 itanc
456 2689 742 2788 fluctuationem
766 2720 792 2764 a
814 2694 922 2766 corde
946 2719 1026 2767 meo
1046 2698 1195 2795 pendas

128 2811 306 2910 auferatis
311 2843 329 2895 ,·
352 2807 562 2881 itascilicet
584 2823 624 2880 ut
640 2835 688 2881 ee
710 2811 860 2906 imperio
877 2827 1009 2882 uestras
1032 2815 1196 2887 auctori·

130 2932 234 3017 tatas,
254 2944 287 2998 et
303 2952 361 2998 me
375 2942 410 2997 et
424 2926 664 2998 ordinationis
682 2953 773 3000 mear
789 2944 955 3018 autores,
976 2944 1012 3000 et
1028 2930 1195 3003 eumdern

128 3043 338 3117 lietbertum
354 3040 653 3114 calunmiatorem
666 3042 721 3113 ad
729 3044 976 3143 justissimam
989 3049 1041 3116 nei
1054 3045 1194 3120 discus·

128 3165 266 3233 sionem
280 3181 403 3228 coram
418 3155 559 3228 idoneis
575 3156 811 3255 legitimisque
819 3157 1014 3258 judicibus
1029 3165 1071 3233 in
1087 3188 1195 3235 ursum

32 3266 59 3347 il
131 3270 482 3367 conuenirefaciatis
491 3306 508 3358 ;
525 3274 698 3372 quatenus
714 3277 745 3346 si
761 3275 801 3345 in
817 3273 967 3347 abbatia
984 3273 1075 3349 bene
1086 3279 1195 3379 posi·

132 3409 190 3466 tus
215 3404 375 3491 repertus
388 3390 524 3486 fitero,
545 3393 739 3490 persistam
751 3417 764 3476 ;
789 3392 824 3463 si
846 3390 964 3480 male,
991 3391 1193 3467 discedas.
1239 3436 1241 3479 1

136 3508 302 3609 Quodsi
320 3532 390 3607 per
410 3514 571 3604 gratiam
596 3524 754 3579 uestram
771 3507 955 3607 fetentis,
984 3523 1019 3580 et
1040 3507 1195 3606 (spiciunt

132 3627 279 3727 quidem
292 3639 451 3696 uestrum
467 3622 703 3697 laudabiliter
717 3624 923 3725 implebitis,
940 3642 974 3698 et
986 3652 1057 3700 nos
1070 3624 1196 3700 ambos

120 3741 261 3842 fratres
274 3743 312 3812 in
319 3743 429 3841 pacis
443 3740 673 3813 dulcedinem
685 3741 909 3815 conducetis.
921 3741 1025 3816 Nam
1035 3744 1197 3846 simper

135 3859 278 3943 sistere,
294 3857 368 3927 siue
378 3855 562 3929 discedere
574 3856 666 3928 mibi
678 3862 885 3955 contbegat,
896 3857 1065 3960 projecto
1080 3856 1196 3959 etfro-

172 4113 212 4180 (1)
226 4128 233 4163 1
245 4110 323 4164 Josn.
334 4125 376 4173 ιιι,
394 4105 432 4159 15.
