2768 5094
560 541 731 631 LIBER
768 545 1042 635 TERTIUS.

323 890 352 959 l.
380 888 473 960 Orus
498 887 534 959 in
559 887 686 985 primis
709 887 878 985 arripiam
901 887 944 961 de
969 891 1069 962 uinea
1096 890 1242 963 Domini
1273 892 1333 964 Sa·

273 1003 404 1091 baotlr,
430 1030 537 1102 quam
565 1005 637 1101 ipse
661 1001 745 1074 lorti
771 1002 914 1076 dextera
941 1005 1029 1077 colit
1051 1021 1086 1077 et
1112 1010 1273 1107 protegit
1298 1009 1333 1078 in

274 1138 355 1195 toto
373 1122 510 1192 mundo
530 1129 654 1192 contra
670 1118 812 1190 insidias
826 1118 1025 1194 Bebemotb
1042 1123 1110 1218 (t).
1127 1123 1212 1196 Haec
1225 1124 1332 1195 nimi-

273 1263 355 1307 rum
374 1237 411 1306 in
433 1236 598 1334 regione,
627 1261 710 1333 quae
732 1235 821 1308 olim
844 1235 1007 1307 Neustria
1033 1240 1107 1332 (a),
1131 1264 1232 1310 nunc
1252 1263 1334 1311 vero

273 1370 422 1428 vocatur
434 1354 675 1439 Normannia,
691 1352 937 1426 laborantibus
949 1355 1086 1426 cclonis
1098 1357 1248 1454 sparsim
1261 1384 1334 1428 suas

273 1472 487 1571 propagines
504 1471 642 1556 emisit,
663 1487 699 1541 et
717 1469 952 1568 multiplicem
969 1469 1129 1542 fructum
1149 1471 1334 1544 bominum

274 1587 312 1658 in
325 1588 513 1659 sanctitate
525 1586 813 1683 permanentium
828 1586 903 1656 Deo
916 1584 1064 1656 obtulit.
1079 1586 1193 1658 Multa
1208 1587 1335 1659 enimi

272 1701 379 1778 honis
392 1701 592 1774 cultoribus
605 1701 769 1773 coenobia
783 1699 914 1772 ibidem
931 1717 1135 1773 constructa
1153 1719 1256 1790 sunt,
1274 1702 1336 1774 ubi

275 1820 364 1890 rami
379 1819 486 1917 ipsius
496 1818 592 1903 vitis,
606 1816 718 1903 idest,
732 1815 821 1888 boni
833 1815 1025 1889 Christiani
1036 1821 1244 1917 semetipsos
1254 1846 1338 1892 con·

276 1935 515 2026 tradiderunt,
530 1951 571 2006 ut
583 1936 694 2006 tutius
708 1951 834 2006 contra
849 1935 991 2006 insidias
1003 1936 1244 2034 spiritualium
1259 1937 1337 2009 laos·

278 2054 367 2123 tium
380 2051 451 2123 fine
461 2067 566 2124 tenus
575 2049 812 2122 decertarent.
824 2049 914 2121 Nam
925 2049 1046 2122 beatus
1055 2051 1185 2148 praesul
1197 2051 1337 2125 Audoe-

277 2197 359 2260 uus,
376 2171 438 2268 qui
452 2169 563 2241 multa
581 2166 760 2266 probitate
778 2185 850 2237 tam
867 2168 1024 2239 saeculari
1040 2195 1145 2267 quam
1163 2170 1336 2267 spirituali

276 2303 438 2384 tempore
463 2283 654 2384 Dagoberti
678 2285 769 2382 regis
791 2286 1013 2356 Francorum
1036 2301 1071 2356 et
1093 2284 1249 2358 lodovei
1274 2286 1336 2358 filii

277 2407 351 2499 ejus
374 2402 519 2484 floruit,
547 2426 660 2470 unum
679 2397 889 2471 coenobium
912 2400 1240 2473 sanctimonialium
1263 2404 1337 2474 Fis-

277 2517 381 2590 canni
399 2514 580 2600 condidit,
600 2530 635 2585 ct
652 2515 747 2585 aliud
763 2515 1023 2588 monachorum
1040 2519 1229 2616 Rotomagi
1245 2546 1254 2602 ;
1276 2518 1336 2589 ubi

279 2629 915 2731 ipseannodomiuieaeincarnationis
927 2641 1128 2704 ncaxxvut‘
1144 2633 1337 2703 tumulatus

278 2747 471 2847 requievit,
492 2744 613 2844 ibique
624 2771 689 2843 per
702 2772 816 2818 aunos
828 2772 920 2818 ctxv
935 2772 1122 2847 usquequo
1135 2747 1334 2820 Normanui

313 3044 321 3110 (
329 3043 350 3109 ι)
363 3039 443 3093 Cette
456 3038 618 3109 nietaphore
631 3037 665 3090 de
683 3038 707 3090 la
721 3041 801 3110 vigne
815 3037 853 3090 du
868 3039 1013 3111 Seigneur,
1029 3041 1051 3093 si
1061 3040 1206 3113 lre'quente
1219 3041 1287 3096 dans
1301 3044 1336 3096 lia

279 3130 359 3183 lieres
375 3131 463 3181 sacre's
478 3137 507 3180 et
519 3126 558 3180 les
571 3128 653 3180 ecrite
666 3125 713 3179 des
729 3129 807 3199 plres
820 3127 855 3181 de
868 3116 977 3200 l'Egliae
990 3149 1005 3182 a
1019 3129 1080 3200 dej’a
1091 3133 1136 3184 ete
1148 3131 1292 3203 employee
1304 3152 1336 3186 au

277 3218 365 3272 debut
380 3216 419 3269 du
433 3215 500 3269 liare
515 3216 645 3287 premier.

313 3311 352 3379 (a)
361 3307 437 3362 Nous
447 3323 529 3359 avons
542 3313 657 3358 sourent
670 3305 791 3375 protecte
797 3313 894 3357 contre
900 3304 1015 3359 l'erreur
1024 3324 1104 3377 grave
1112 3307 1259 3362 attacheea'i
1269 3317 1338 3363 cette

278 3395 603 3472 pretenduesynonymic
617 3392 689 3446 dela
704 3393 832 3446 Neustrie
843 3403 871 3446 et
883 3393 918 3446 de
938 3392 964 3447 la
979 3394 1158 3450 Normaudie.
1173 3395 1220 3450 On
1236 3400 1288 3452 salt
1305 3418 1337 3451 en

277 3488 341 3542 ellet
351 3507 406 3561 que
419 3487 444 3540 la
461 3486 588 3540 Neuatrie
606 3485 781 3547 autumate,
798 3494 879 3537 outre
893 3495 972 3539 notre
988 3488 1135 3557 province,
1151 3498 1212 3541 tout
1227 3487 1253 3541 lc
1268 3501 1338 3543 reste

281 3579 321 3633 du
332 3578 474 3633 territoire
485 3577 694 3648 comprisentre
701 3574 724 3627 la
735 3575 837 3637 lleuse,
845 3573 973 3640 t‘taeauu
982 3576 1007 3630 la
1017 3577 1078 3631 ltler
1088 3588 1115 3632 et
1128 3578 1153 3631 la
1169 3579 1259 3632 Loire.
1276 3581 1339 3636 Plus

280 3667 359 3728 tard,
383 3667 402 3719 il
418 3677 459 3718 est
477 3666 550 3727 arai,
571 3684 601 3715 cr
621 3681 684 3716 nom
699 3681 733 3716 ne
747 3662 898 3736 s'appliqua
912 3665 973 3737 plus
987 3667 1088 3738 qu'aux
1101 3672 1227 3722 coutre'es
1238 3671 1339 3723 situeea

278 3767 357 3810 entre
370 3754 395 3807 la
409 3755 491 3808 Seiae
503 3764 531 3805 et
540 3753 564 3803 la
576 3754 666 3805 boire,
676 3752 748 3805 C'est
759 3751 863 3807 adater
872 3754 907 3807 de
917 3764 988 3807 cette
1000 3757 1108 3829 epoque
1117 3758 1240 3830 ques'eat
1250 3758 1338 3812 intro-

279 3846 340 3898 duit
356 3844 456 3914 l'usage
469 3842 573 3894 ricieux
581 3840 664 3911 qu'on
676 3859 710 3892 en
722 3860 736 3892 a
746 3841 794 3894 fait
806 3860 876 3914 pour
884 3843 1012 3915 designer
1024 3846 1236 3901 exclusivemeut
1251 3849 1340 3902 tantdt

280 3936 304 3988 la
318 3935 454 4006 Bietagne
467 3943 494 3984 ct
509 3931 596 3983 tantiat
611 3929 633 3982 la
650 3929 826 3986 Normandie.
841 3935 920 3988 Cette
934 3934 1061 3991 demicte
1071 3936 1261 4009 applicatione
1277 3957 1339 3992 cou-

280 4027 358 4079 tinue
370 4023 456 4077 d’etre
468 4021 610 4093 emploiue
625 4022 732 4094 jusqu'i
748 4041 796 4075 nos
807 4022 902 4092 joan,
917 4025 1084 4099 quoiqu'elle
1098 4046 1133 4081 ne
1146 4028 1198 4081 soit
1213 4047 1260 4098 pa«
1278 4028 1340 4101 plus

280 4113 378 4168 loudeu
391 4130 445 4184 que
459 4111 564 4163 l'autre.

781 4274 807 4313 ⁴:
