2768 5094
318 362 377 420 aas
591 356 774 417 msronn
796 355 1099 418 acccusrssrrca.
1277 359 1361 435 [ron]

318 475 463 560 bantur,
483 473 668 572 sonipedes
682 473 1002 562 interficiebantur,
1019 491 1057 548 et
1072 475 1189 547 multa
1208 479 1363 548 munu-

317 593 384 666 hus
399 591 526 664 damna
544 590 856 664 coacervabantur.

364 709 535 806 Regressa
554 732 636 805 rege
658 708 916 806 Rotomagum‚
938 706 1078 806 providi
1097 731 1268 806 proceres
1291 709 1365 779 inie-

315 841 403 897 runt
423 822 612 895 consilium
628 822 782 922 qualiter
793 822 1021 920 pacificarent
1032 838 1176 922 patrem
1193 838 1232 897 et
1248 822 1362 896 filium.

314 939 369 1012 Ad
381 940 448 1012 hoc
462 941 581 1038 itaque
594 938 815 1040 colloquium
829 941 1064 1040 Rogerius(1)
1077 966 1199 1014 comes
1212 939 1364 1015 &mbo

313 1058 507 1143 buriensis,
529 1055 632 1155 Hugo
648 1056 691 1130 de
709 1058 875 1133 Gornaco
894 1075 931 1130 et
948 1060 1051 1158 Hugo
1067 1057 1112 1131 de
1127 1056 1364 1132 Grentemais-

314 1177 426 1261 nilio,
452 1173 625 1274 Rogerius
647 1173 691 1247 de
711 1174 937 1249 Bellomonte
960 1199 1043 1246 cum
1067 1173 1152 1247 filiis
1178 1175 1251 1247 suis
1275 1173 1363 1247 Rod-

313 1291 419 1364 berto
432 1305 469 1365 et
482 1290 639 1363 Hemico
651 1292 704 1388 (2)
715 1344 727 1381 ,
740 1290 871 1390 aliique
884 1291 1002 1390 plures
1013 1290 1216 1380 affuerunt,
1231 1291 1363 1391 regique

313 1408 481 1480 dixerunt
507 1437 516 1477 a
541 1405 804 1479 Sublimitatem
829 1423 1006 1498 vestrm
1035 1433 1167 1505 magne
1191 1434 1279 1496 m,
1306 1406 1362 1478 lu·

313 1524 445 1596 militer
455 1522 626 1611 adimus,
648 1541 682 1594 et
698 1541 736 1594 ut
747 1548 872 1623 preces
889 1540 1030 1596 nostras
1049 1523 1244 1597 clementer
1256 1550 1361 1596 nau-

312 1643 396 1713 elias
409 1640 650 1714 obsecramus.
667 1643 782 1714 Pravo
791 1665 1039 1740 perversorum
1052 1641 1360 1740 manitujuvarutn

311 1758 515 1831 Radbertus
527 1759 671 1858 juvenis
689 1757 783 1829 male
804 1758 974 1858 deceptus
991 1774 1062 1848 est,
1088 1774 1124 1828 et
1147 1756 1237 1829 inde
1255 1755 1360 1828 multa's

313 1878 439 1974 ingens
456 1875 651 1946 discrimen
668 1891 702 1945 et
718 1873 968 1946 detrimentum
984 1889 1151 1946 caenum
1174 1891 1242 1947 est.
1261 1872 1358 1944 Illum

312 1995 441 2064 erroris
451 1999 508 2064 sui
517 1993 688 2091 poenitet,
705 1990 772 2062 sed
783 1991 853 2062 lzuc
863 1995 940 2062 sine
950 2008 1067 2064 vestro
1073 1994 1187 2092 jussu
1199 1989 1357 2064 amatim

311 2136 384 2182 non
405 2109 530 2180 audet.
558 2110 726 2181 Vestram
752 2107 976 2181 clementium
985 2165 998 2198 ,
1026 2127 1065 2180 ut
1089 2111 1292 2182 merearis
1311 2109 1352 2193 ei,

311 2225 523 2327 suppliciter
538 2241 685 2313 exorat,
701 2240 735 2295 et
742 2251 811 2324 per
823 2250 888 2297 nos
895 2280 908 2313 ,
929 2251 1019 2323 quos
1032 2223 1240 2325 tibifidclcs
1255 2225 1350 2307 norit,

311 2343 380 2416 hoc
395 2344 585 2441 impetrare
602 2356 725 2412 tentat.
745 2341 843 2412 Reus
857 2355 928 2429 est,
944 2358 977 2411 et
992 2342 1030 2412 in
1045 2339 1351 2440 multispeccatin

311 2460 376 2532 sed
384 2460 538 2559 paenitet
550 2482 642 2545 curn,
660 2474 693 2527 et
708 2455 877 2528 idoneam
888 2456 1172 2529 emendationem
1182 2457 1349 2556 promittit

311 2576 444 2646 Omnes
460 2575 574 2671 igitur
591 2597 655 2642 nos
673 2587 830 2644 vestram
850 2598 1043 2646 exoramus
1061 2572 1307 2661 clementiam,
1324 2589 1351 2642 at

308 2688 533 2790 supplicanti
549 2686 636 2786 filio
661 2687 858 2760 exorabilis
877 2692 942 2788 pie
964 2689 1144 2762 condones
1176 2688 1350 2788 risdulgen·

310 2809 410 2878 tiam.
428 2806 638 2880 Deciantem
649 2811 868 2906 prosapiam
884 2808 1040 2905 eorn‘ge,
1062 2806 1269 2879 redeuntem
1284 2831 1351 2878 sas·

308 3049 350 3103 roi
362 3047 449 3101 blessc
461 3055 490 3099 et
499 3044 628 3099 demorati
637 3063 687 3116 par
699 3044 805 3099 Robert
819 3063 881 3099 sous
895 3045 934 3099 les
946 3063 1021 3100 murs
1029 3044 1065 3100 de
1076 3045 1233 3113 Gerberoi,
1247 3047 1308 3118 puis
1317 3062 1353 3097 rc·

308 3153 400 3192 counu
410 3152 460 3205 par
469 3132 507 3185 lui
520 3131 570 3185 ala
583 3133 644 3185 voix
654 3143 682 3186 et
695 3134 835 3187 remissus
849 3151 897 3188 son
908 3152 1009 3207 propre
1019 3133 1128 3199 eberat,
1142 3133 1351 3189 maisendefini·

308 3229 363 3281 tire
377 3225 505 3296 repousse
520 3230 550 3275 et
565 3219 657 3293 oblige
669 3220 704 3276 de
720 3221 866 3294 s’e'loigner
875 3242 937 3278 avec
954 3241 1004 3278 son
1017 3223 1119 3279 second
1132 3223 1174 3278 tls
1187 3222 1352 3283 Guttam.

306 3315 395 3371 blcssc
413 3328 520 3366 comme
532 3309 581 3364 lui.
596 3309 672 3363 Nous
685 3327 802 3383 pensons
814 3329 869 3385 quc
886 3331 917 3367 oe
932 3312 976 3367 sat
987 3314 1066 3386 apres
1083 3322 1127 3368 cst
1137 3314 1354 3385 minuatque

307 3404 346 3459 lcs
359 3404 501 3475 seigneurs
515 3401 582 3454 cite's
600 3418 650 3472 par
660 3399 779 3455 Ordcric
789 3402 948 3472 parriurent
957 3405 973 3456 ἐι
982 3405 1080 3475 opem
1091 3419 1146 3456 nuc
1158 3401 1353 3457 mannan

307 3491 506 3547 momentanee.
523 3487 546 3541 lt
563 3487 664 3560 pararit,
678 3487 784 3561 d'apres
797 3488 836 3543 les
848 3500 920 3545 actes
931 3490 970 3544 du
987 3490 1017 3545 B.
1029 3490 1125 3546 Simon
1140 3487 1178 3544 de
1188 3489 1298 3563 crespi,
1311 3508 1352 3562 pa·

306 3593 369 3638 aaut
382 3581 417 3635 de
431 3580 457 3634 la
474 3579 551 3633 reine
569 3577 716 3645 Mathilde,
733 3596 788 3652 que
805 3597 836 3633 cc
848 3581 920 3634 saint
937 3579 1070 3652 religieux
1084 3598 1104 3650 y
1121 3588 1171 3633 eut
1187 3597 1245 3634 nne
1261 3578 1353 3653 grande

305 3681 367 3745 part
389 3695 394 3704 ·
418 3669 620 3724 ll'ornuinninm
642 3687 727 3742 usque
745 3671 914 3739 properavit,
937 3670 1046 3741 illicque
1064 3671 1243 3739 perventens,
1266 3678 1352 3723 cantra

296 3761 392 3832 filium
406 3757 555 3810 liebertum
568 3758 676 3808 nonu'nc
689 3774 780 3825 regem
798 3756 1099 3816 ‹limaeantcminvenit.·
1110 3761 1160 3829 qui
1170 3760 1278 3830 utnpuc
1287 3775 1351 3811 con·

304 3865 419 3919 passus,
436 3864 505 3916 pace
518 3843 680 3916 reformata,
691 3845 856 3913 pestilentiae
868 3846 972 3899 malum
985 3865 1002 3900 n
1015 3845 1291 3919 regioncsugarit....

342 3936 380 4005 (a)
399 3933 492 4004 Rogcr
501 3933 536 3988 de
549 3934 777 4006 Moutgommeri‚
792 3945 882 3990 comte
896 3933 930 3990 dc
944 3935 1135 4007 Shrcwsbury.

339 4027 378 4094 (a)
396 4022 514 4087 Robcm,
535 4025 581 4096 qui
604 4023 646 4076 lut
666 4035 755 4077 comte
773 4025 808 4079 de
828 4024 936 4079 Mculan
949 4045 983 4081 en
1001 4025 1081 4091 10825
1095 4024 1199 4091 Remi,
1220 4033 1308 4079 comte
1322 4019 1351 4073 dc

305 4111 456 4170 Weissicl.
