2768 5094
165 408 378 490 [ross-sats]
539 406 854 473 maurannus.
1193 417 1231 476 aa

165 530 313 607 abbatas
336 546 616 623 assumerentur,
641 544 845 632 sanctaeque
867 532 974 604 matri
997 530 1167 607 Ecclesiae
1189 535 1234 607 ad

166 648 346 724 bonorem
363 649 438 720 reri
461 648 553 747 regis
571 673 640 747 pro
656 645 768 724 salute
785 648 988 721 animarum
1005 649 1234 747 praeficeren-

166 780 243 841 tur.
255 771 429 840 Proetcrea
445 764 694 863 magnanimus
710 762 782 838 dux
796 765 945 839 tertium
960 765 1172 841 coenobium
1192 766 1229 840 in

166 881 309 956 honore
321 881 432 954 sancti
447 880 628 955 Michaelis
645 879 846 981 archangeli
867 883 905 955 in
916 880 1007 955 urbe
1023 883 1163 958 Mellito
1176 885 1233 982 (a)

164 1016 418 1073 constructum
431 997 617 1074 Radberto
630 996 747 1072 abbati
765 998 925 1089 tradidit,
939 1001 1038 1100 quod
1053 1000 1127 1100 ipse
1137 1000 1236 1074 Wil-

164 1115 283 1192 lermo
295 1114 465 1215 lngranni
478 1114 568 1202 lilio,
583 1115 645 1215 qni
659 1115 753 1214 apud
765 1115 914 1189 Uticum
926 1131 1032 1189 natus
1047 1115 1139 1190 etad
1157 1117 1235 1192 cle-

164 1232 319 1304 ricatum
334 1246 523 1330 promotus
535 1231 673 1323 luerat,
684 1231 744 1305 scd
756 1230 850 1331 apud
862 1248 1019 1306 sanctam
1035 1232 1233 1308 Eulemiatn

162 1347 421 1423 monachatum
437 1366 658 1448 susceperat,
681 1349 959 1424 commendavit.
979 1353 1021 1425 ln
1040 1349 1096 1425 bis
1114 1352 1235 1454 itaque

163 1463 283 1538 tribus
300 1465 525 1541 monasteriis
542 1467 654 1540 ltaliae
671 1467 849 1541 Uticensis
871 1483 999 1541 cantus
1015 1469 1172 1557 canitur,
1197 1483 1235 1543 et

162 1585 384 1657 monasticus
393 1582 485 1659 ordo
495 1610 609 1684 usque
621 1583 740 1674 hodic,
750 1599 862 1683 prout
870 1585 1234 1685 opportunitasillius

162 1699 321 1797 regionis
338 1714 375 1773 tt
390 1725 492 1773 amor
509 1698 747 1774 habitantium
761 1701 961 1800 permittit,
980 1699 1205 1775 observatur.

213 1815 303 1887 Duae
325 1840 465 1889 sorores
488 1818 641 1889 uterinae
658 1817 833 1892 liodberti
857 1817 1025 1892 abbatis:
1053 1817 1178 1893 Judnh
1196 1833 1233 1894 et

163 1934 311 2020 Emma,
330 1933 424 2033 apud
444 1934 590 2007 Uticam
611 1936 647 2007 in
666 1935 797 2034 capella
818 1936 928 2010 macti
947 1933 1091 2011 Ehrulli
1107 1960 1233 2009 mora·

162 2044 320 2136 bantur,
345 2063 382 2124 et
403 2047 470 2123 sub
492 2075 594 2125 mem
618 2051 793 2125 velamine
819 2050 958 2125 mundo
978 2053 1229 2136 renunciasse,

162 2163 312 2265 Deoque
337 2165 404 2240 soli
434 2192 500 2265 per
526 2165 740 2240 munditiam
767 2167 886 2243 cordis
916 2185 952 2242 ct
976 2169 1139 2268 corporis
1169 2168 1231 2241 in·

162 2279 302 2357 haeaerc
325 2281 575 2357 credebantur.
604 2284 695 2377 Quae
717 2312 800 2359 cum
826 2285 1051 2361 liodbertum
1079 2286 1230 2361 fratrem

162 2426 269 2472 suum
284 2399 321 2473 in
336 2399 465 2501 Apulia
483 2401 642 2475 saeculari
660 2404 819 2501 potentia
836 2418 889 2475 sat
903 2404 1022 2501 vigere
1034 2402 1228 2490 audissent,

161 2541 307 2616 seseque
332 2516 370 2589 in
393 2516 614 2591 Narmannia
636 2518 866 2618 despicabiles
889 2535 926 2593 et
948 2520 1026 2593 sine
1048 2518 1231 2616 adjutorio

161 2635 443 2733 perspexissent,
469 2637 592 2709 iterio
611 2637 746 2709 ltaliam
765 2638 944 2723 inierunt,
964 2653 1002 2713 et
1020 2636 1150 2710 relicto
1166 2661 1230 2711 ac·

164 2751 295 2827 lamine
321 2754 518 2828 sanctitatis
545 2755 631 2827 totis
654 2754 789 2828 usisibus
815 2756 991 2828 muudum
1019 2753 1230 2854 amplexatae

163 2886 269 2960 sunt,
291 2887 328 2945 et
350 2869 466 2945 ambae
489 2873 626 2945 maritis
646 2871 895 2973 ignorantibus
914 2871 1013 2972 quod
1032 2871 1109 2945 Deo
1128 2870 1227 2947 dedi·

162 3003 253 3061 estse
272 3004 389 3063 essent
409 3005 622 3089 nupserunt.
645 2990 736 3062 Nam
757 2991 931 3089 bogerius
952 2989 1084 3063 Siciliae
1107 3013 1229 3064 comcs

160 3102 285 3177 Juditb
301 3106 337 3179 in
352 3107 559 3203 conjugium
572 3106 708 3204 accepit
719 3106 794 3204 (a),
807 3106 968 3204 aliusque
979 3130 1111 3191 comes,
1127 3109 1228 3202 cujas

162 3244 297 3292 nomen
323 3246 398 3294 non
424 3220 564 3306 recolo,
591 3222 756 3295 Emmam
780 3221 1013 3295 matrimonio
1042 3247 1108 3296 suo
1135 3245 1227 3295 con·

155 3343 294 3437 junxit.
310 3340 368 3411 sic
382 3338 497 3411 amba·
509 3340 680 3426 uelamen,
694 3354 826 3411 sancta·
836 3339 1019 3435 religionis
1027 3339 1222 3437 specimen,

160 3480 231 3551 pto
247 3454 370 3526 masidi
390 3480 512 3527 amore
530 3456 775 3554 reliquerunt,
795 3470 830 3525 et
846 3454 927 3552 qnia
946 3455 1099 3551 primam
1117 3452 1224 3527 fidens

158 3568 298 3642 irritam
312 3569 487 3659 feceruut,
500 3568 615 3643 attilae
631 3571 667 3642 in
682 3568 751 3641 hoc
764 3567 895 3640 sar-carlo
907 3566 1044 3641 steriles
1057 3593 1223 3670 perman-

192 3902 201 3933 !
208 3904 230 3950 ι’
248 3896 357 3961 tutuo,
372 3898 434 3953 ville
447 3898 600 3972 episcopale
613 3899 649 3953 ale
663 3899 688 3953 la
699 3899 814 3955 calabre
829 3899 989 3955 salteriense.

203 4008 217 4037 ·r
243 3989 293 4041 las
304 3987 376 4043 dena
386 3991 499 4044 lcaarnes
509 4008 632 4045 mnuues
645 3990 681 4045 dc
693 3991 785 4057 liossrr
795 3991 825 4045 l“
839 3993 1024 4065 s'appwlaietat,
1035 3994 1109 4051 l'uuc
1124 3995 1203 4049 lacau

157 4078 251 4143 terge,
260 4077 356 4131 l'rntn·
367 4080 497 4133 ,tris-lania·
507 4099 542 4131 nn
554 4079 686 4135 :ida-lanc.
696 4080 745 4135 Sil
754 4100 769 4135 a
779 4100 881 4153 epuuaa·
890 4103 924 4137 co
933 4094 1015 4140 «rutra
1025 4094 1098 4139 mua·
1108 4082 1219 4145 luditls.

158 4167 217 4221 ltus·
232 4187 318 4223 asusssu
332 4170 425 4224 u'aura
439 4189 485 4243 pas
500 4170 578 4225 lassae
590 4171 625 4225 dc
638 4182 726 4227 traces
736 4171 806 4228 dana
817 4172 959 4229 l'bistoitt.
