2768 5094
152 360 211 417 nc
426 349 611 412 msroun
631 348 938 413 maturarunt.
1032 359 1216 438 [macas]

198 470 391 549 lluimldus
413 485 532 544 autem
553 471 725 544 minimus
745 470 908 546 filiorum
926 473 1088 549 Ernsldi
1111 475 1216 552 trit·

151 587 333 666 mensibus
350 602 434 661 ante
450 587 562 686 patris
579 584 724 662 obitum
739 585 904 665 Osberno
923 588 1052 666 sbbsti
1071 594 1216 671 trudit!

150 722 220 796 est,
238 721 276 780 et
293 709 329 778 in
345 703 505 778 Uticensi
520 703 666 779 ecclesis
681 701 747 778 sub
759 702 914 806 regulari
928 704 1131 809 disciplina
1142 708 1217 785 dili·

151 840 278 927 puter
297 820 464 896 educatus
486 838 560 912 est,
582 838 620 895 es
640 849 659 896 s
680 821 834 924 praefato
850 821 981 900 abban
1004 827 1216 904 Benedici·

149 936 349 1013 dulcedinis
369 936 481 1035 gratia
499 938 772 1037 cognominatus
792 954 858 1012 est.
883 939 991 1014 Pater
1010 945 1118 1041 ejus,
1138 942 1217 1018 du

152 1059 269 1158 ipsum
282 1056 360 1129 Deo
374 1052 418 1125 ad
431 1050 685 1126 monachatum
696 1050 855 1144 obtulit,
870 1069 1008 1128 terram
1020 1059 1139 1133 unius
1149 1082 1216 1132 eu·

152 1200 249 1248 rueae
270 1170 364 1271 apud
385 1171 423 1243 S.
450 1168 671 1242 Germanum
695 1170 732 1242 in
757 1170 946 1268 parrochia
970 1172 1149 1250 Escslfoii
1168 1174 1217 1273 (ι)

152 1292 191 1364 S.
212 1285 369 1364 Ebrulfo
385 1285 560 1358 concessit
566 1314 578 1373 ς
600 1310 709 1384 quam
725 1311 795 1383 pro
811 1285 1047 1378 infortuniis,
1064 1312 1155 1391 qu:
1166 1289 1217 1391 ip·

153 1433 231 1479 sum
250 1400 477 1502 haeredesque
493 1404 567 1499 ejus
582 1425 766 1499 perpessos
786 1426 859 1474 esse
876 1401 1092 1494 retulimus,
1114 1404 1218 1480 scds-

154 1523 202 1596 sia
205 1517 415 1620 jamdudum
423 1514 774 1616 perdiditl’raefatus
785 1541 876 1616 puer
884 1518 1217 1620 quinquennisnut

153 1665 236 1713 cum
250 1633 451 1710 monachile
459 1637 587 1733 jugum
603 1630 736 1722 subiit,
752 1648 790 1706 et
804 1657 852 1706 ιιι
865 1632 970 1708 annis
980 1634 1054 1708 snb
1064 1653 1218 1739 quusi

153 1752 341 1829 abbatibus
367 1779 432 1852 per
453 1750 597 1825 adversa
622 1764 659 1823 et
682 1774 851 1851 prospers
874 1749 1024 1826 fortiter
1047 1757 1216 1855 portauit

154 1871 407 1948 Eruditionem
419 1866 559 1969 legendi
572 1883 610 1941 et
621 1865 772 1941 canendi
785 1883 822 1942 et
837 1869 911 1967 ipse
918 1869 1061 1942 affatim
1072 1871 1217 1961 didicit,

151 2005 190 2064 et
204 1988 302 2074 aliis,
316 2000 509 2087 postquam
520 1982 564 2056 sd
578 1982 682 2057 virile
696 1981 812 2056 robur
826 1985 994 2083 pervenit
1001 2037 1015 2075 ,
1031 1986 1114 2062 sine
1130 1986 1219 2063 ἰηι-

151 2104 208 2180 dis
220 2104 328 2179 litura
341 2102 451 2204 gratis
465 2100 659 2175 intimarit.
675 2100 848 2174 Memoria
858 2126 946 2176 uero
955 2103 1219 2207 mmndiquu

155 2220 293 2294 uiderat
315 2220 373 2292 vel
399 2216 560 2290 audierat
580 2215 770 2316 magnifiee
790 2217 925 2318 viguit,
946 2217 1219 2325 delectabilique

153 2338 271 2412 relatu
286 2361 409 2410 rernm
417 2387 430 2423 ,
441 2360 529 2435 quas
546 2333 585 2405 in
599 2331 731 2406 divinis
746 2333 992 2409 voluminibus
1004 2363 1072 2411 seu
1085 2340 1220 2438 pes-ito

154 2480 237 2527 rum
249 2449 504 2528 assertionibus
515 2450 664 2522 rimatus
675 2465 742 2540 est,
755 2450 871 2526 socios
880 2451 1069 2529 multoties
1080 2455 1217 2531 leniuit

154 2568 305 2645 Mitibus
317 2585 356 2644 et
369 2569 552 2658 modestis,
566 2566 792 2670 indoctisque
805 2566 1001 2670 neophytis
1011 2568 1221 2648 affabilitate

154 2704 191 2763 et
212 2688 393 2791 obsequiis
416 2712 556 2786 semper
574 2684 713 2785 placere
734 2685 889 2777 studuit;
916 2684 978 2761 sed
999 2688 1170 2788 snperb'·
1186 2703 1220 2763 et

155 2804 443 2896 simulatoribus,
471 2804 745 2904 novitatumque
764 2803 1078 2879 commentoribus
1100 2804 1219 2881 aurbei

156 2923 442 3001 contradictione
457 2922 612 2994 viriliter
624 2921 786 2995 resistere
800 2919 970 2995 decrevit.
989 2922 1047 2995 Bis
1065 2923 1107 3001 in
1121 2923 1222 3025 Apu·

155 3043 241 3116 liam
255 3039 431 3138 permissu
447 3038 592 3137 llogerii
611 3035 748 3109 abbatis
766 3053 918 3137 propter
932 3038 1132 3115 utilitatem
1143 3040 1220 3115 Uti·

157 3160 270 3235 censis
289 3156 445 3230 ecclcsiae
468 3155 648 3256 perrexit,
676 3152 798 3255 ibique
816 3157 1051 3232 Willermum
1072 3157 1220 3235 fratrem

157 3304 286 3365 sunm,
304 3273 463 3376 aliosque
481 3273 616 3349 multos
639 3299 684 3348 ex
707 3274 888 3374 parentela
910 3302 994 3370 sua,
1012 3278 1077 3378 qui
1101 3278 1140 3353 in
1161 3304 1222 3353 ex·

159 3411 234 3471 tera
254 3394 402 3495 regione
417 3391 552 3465 divitiis
569 3387 820 3483 abundabant,
845 3391 996 3466 inuenit.
1012 3394 1110 3468 Cum
1120 3394 1221 3468 Wu-

190 3682 231 3752 (ι)
248 3679 324 3733 Pour
335 3678 400 3733 bien
412 3673 594 3748 comprendis
608 3673 633 3729 le
643 3693 705 3730 sens
718 3675 753 3731 de
764 3695 796 3732 ce
808 3695 931 3751 passage
947 3676 968 3733 il
980 3677 1042 3734 lsut
1052 3695 1082 3734 ss
1095 3676 1221 3753 rw&

157 3770 221 3844 qus
230 3769 356 3842 lupoque
364 3770 403 3823 ou
413 3767 525 3823 ariam
535 3763 657 3822 cadeso
667 3767 757 3836 usus,
769 3778 832 3824 tout
843 3768 870 3824 u
880 3769 1022 3825 officim
1033 3757 1220 3826 euenum

158 3876 194 3913 nc
206 3856 320 3911 lormsit
332 3857 435 3931 qn'nnc
452 3854 527 3910 seule
544 3855 665 3927 paroisse
683 3874 746 3912 sons
766 3856 941 3913 l’invocstiou
961 3858 997 3914 de
1016 3859 1090 3914 ssiut
1109 3857 1218 3923 murs,

156 3964 220 4002 suec
239 3955 336 4018 quatre
348 3942 486 4017 chapelles
502 3968 507 3997 :
523 3943 726 4014 Noun-Deme,
743 3947 987 4017 saint-Gerrunio,
1006 3947 1220 4004 Salat-laum

158 4047 187 4091 et
197 4034 400 4092 saint-Martio.
414 4035 488 4089 C'est
500 4037 517 4089 a
530 4053 585 4090 une
597 4038 706 4111 sipoqne
717 4038 887 4111 posterieure
899 4057 954 4113 que
967 4037 1072 4111 l'tgliss
1084 4039 1122 4097 ds
1130 4039 1218 4098 siht-

157 4125 291 4183 Gerrnsiu
303 4144 318 4178 s
332 4126 377 4180 ete
390 4124 483 4197 erigis
495 4143 530 4180 eu
544 4127 673 4199 paroisse.
