2768 5094
279 418 339 476 ero
553 410 737 472 ntsronn
759 407 1063 472 ecetesnsrtcs.
1178 412 1341 491 [soerrn

327 532 463 630 Adepta
482 529 656 603 tandeme
672 527 874 605 senioribus
890 530 1051 615 liceratia,
1070 533 1265 630 aquodam
1280 557 1343 605 no·

278 649 376 721 mine
389 646 570 720 Tatuvino
583 645 627 718 ad
642 643 809 732 insulam,
827 670 909 744 quse
923 644 1058 717 dicitur
1068 645 1252 719 Crouland
1270 648 1338 743 (a),

277 763 442 863 scaphula
471 761 644 834 adductus
669 777 723 834 est
749 762 950 860 piscatoria.
976 761 1041 832 Est
1066 762 1102 834 in
1127 761 1342 835 meditem-

277 882 353 954 neis
365 880 505 980 Angliae
522 877 682 979 partibus
700 879 883 953 immensae
895 878 1151 978 magnitudinis
1167 882 1340 953 acerrima

276 999 391 1097 palus,
409 1023 492 1098 quae
509 1025 528 1069 a
546 998 700 1071 Groutae
717 997 877 1069 llumiuis
894 1000 949 1096 (2)
970 997 1058 1097 ripis
1075 1000 1221 1096 incipit;
1243 1024 1340 1071 nunc

275 1116 433 1214 stagnis,
461 1140 559 1187 nutrc
581 1113 739 1202 flactris,
767 1114 948 1188 interdum
976 1116 1088 1214 nigris
1109 1115 1277 1187 laticibus
1305 1132 1339 1189 et

276 1231 410 1307 crebris
435 1232 632 1305 insularum
659 1232 870 1306 nemoribus
893 1248 930 1305 et
955 1232 1120 1306 flexuosis
1141 1234 1338 1333 rivigarum

275 1348 494 1424 anfractibus
506 1348 552 1421 ab
564 1365 686 1423 austro
704 1351 741 1421 in
755 1350 961 1450 aquilonem
977 1352 1068 1422 mari
1087 1366 1189 1423 tenus
1200 1350 1339 1450 longis·

274 1471 366 1543 simo
379 1484 495 1542 tractu
507 1468 754 1567 protenditur.
770 1468 847 1540 lllic
863 1469 983 1567 plures
998 1466 1199 1542 inhabitare
1217 1485 1338 1542 tenta—

273 1599 417 1673 verant,
437 1582 497 1658 scd
522 1608 590 1682 pro
614 1583 807 1682 incognitis
826 1585 937 1657 eremi
955 1585 1145 1672 monstris,
1165 1600 1202 1659 et
1216 1584 1338 1658 diver-

273 1726 392 1773 sarum
436 1697 635 1773 terroribus
678 1699 878 1775 formarum
919 1716 1032 1774 atram
1077 1699 1336 1776 habitationem

272 1817 504 1917 reliquerant.
536 1814 731 1890 Gutblecus
767 1819 907 1918 itaque,
943 1819 1075 1891 estivis
1112 1817 1336 1919 temporibus

271 1932 449 2006 Crulanda
466 1949 706 2034 perscrutata,
723 1934 851 2007 fratres
866 1959 949 2009 suos
966 1951 1003 2007 et
1018 1937 1224 2034 magistros,
1242 1962 1334 2036 quos

272 2050 481 2124 insalutatos
500 2048 701 2138 dimiserat,
721 2052 872 2126 revisere
891 2051 1075 2151 profectus
1091 2068 1162 2140 est,
1183 2055 1336 2126 iterum-

270 2193 342 2268 que
364 2182 447 2267 post
469 2182 541 2240 tres
559 2192 697 2240 meuses
719 2193 802 2239 cum
819 2164 961 2242 duobus
982 2170 1101 2267 pueris
1122 2168 1165 2240 ad
1183 2169 1333 2242 electam

270 2311 431 2358 eremum
443 2285 604 2357 v111⁰ltal
619 2282 831 2383 septembris
843 2310 926 2356 cum
935 2287 1010 2384 jam
1023 2286 1096 2385 ipse
1111 2310 1198 2359 xxvi
1219 2312 1333 2361 anno

271 2425 353 2471 rum
363 2413 465 2486 esset,
479 2424 657 2498 regressus
667 2415 732 2471 est.
748 2399 852 2471 Tunc
863 2401 900 2471 S.
913 2397 1164 2477 bartholomaei
1177 2402 1330 2500 apostoli

269 2515 475 2588 solemnitas
487 2512 706 2600 celebratur,
727 2541 837 2614 quem
850 2518 988 2590 socium
998 2515 1064 2590 sibi
1082 2535 1120 2591 et
1130 2518 1330 2616 adjutorem

271 2633 308 2702 iu
326 2646 472 2702 cunctas
488 2628 713 2704 adversitates
730 2657 957 2732 summopere
971 2649 1150 2732 precatur.

318 2746 533 2840 Quindecim
549 2748 653 2818 annis
668 2772 743 2821 nou
760 2747 870 2821 laneis
887 2749 942 2823 vel
957 2751 1077 2837 lineis,
1096 2749 1156 2823 scd
1171 2749 1330 2849 pelliceis

268 2863 494 2938 solummodo
520 2860 737 2963 tegminibus
761 2864 908 2938 indutus
932 2880 1004 2953 est,
1030 2884 1068 2940 et
1088 2865 1254 2940 ordeiceo
1270 2869 1328 2965 (ὃ)

267 3005 359 3078 pane
370 3005 411 3051 ac
427 2979 603 3053 lutulenta
619 3005 707 3079 aqua
723 2981 777 3079 (et
789 3008 831 3054 cx
848 2981 903 3053 his
914 2985 1057 3081 parum)
1070 2998 1151 3083 post
1164 2982 1250 3057 solis
1263 3009 1328 3058 oo-

266 3124 387 3171 ‹nsum
403 3124 487 3169 usus
498 3113 563 3171 est.
578 3099 780 3172 lnnumeris
797 3098 900 3172 illum
914 3100 1029 3176 modis
1040 3101 1145 3174 Satan
1158 3102 1324 3187 tentavit,

266 3228 302 3287 et
321 3214 461 3287 irretire
477 3212 531 3286 rel
549 3214 593 3286 de
609 3239 731 3286 eremo
745 3214 921 3314 expellere
936 3213 1123 3291 laboravit.

315 3329 506 3423 Quondam
518 3355 601 3401 cum
617 3355 683 3429 per
695 3344 766 3404 tres
782 3328 857 3403 dies
870 3332 1020 3431 incoepti
1033 3332 1151 3430 operis
1162 3331 1326 3432 despen-

265 3556 352 3609 existe
368 3555 454 3629 qu’uu
475 3557 629 3609 monastero
642 3553 812 3620 d'bommet,
827 3551 917 3608 tandis
933 3555 996 3629 qn‘t
1011 3553 1174 3628 Rependttm
1190 3554 1211 3610 il
1222 3575 1241 3629 y
1254 3559 1325 3611 erait

265 3662 302 3697 un
317 3643 520 3698 tuttissement
534 3641 667 3715 religieux
684 3661 755 3715 pour
774 3642 812 3697 les
829 3642 901 3698 deux
920 3661 1003 3699 sexes.
1023 3645 1063 3698 Μ.
1080 3643 1223 3718 Stapbtou
1242 3664 1325 3720 pense

263 3751 318 3805 quc
331 3734 395 3785 c'cst
411 3732 533 3804 llcpton,
549 3733 705 3785 monastero
716 3731 771 3786 lort
783 3733 879 3787 ancien
893 3732 960 3788 dans
974 3733 999 3789 le
1013 3733 1191 3806 Derbydtine.

298 3823 307 3887 (
315 3824 336 3887 ι)
354 3818 518 3881 Crowland,
529 3818 597 3872 dans
610 3818 634 3873 le
649 3819 849 3875 Lincolnshire.

298 3909 337 3974 (a)
355 3909 435 3959 (ktte
452 3908 549 3960 elvierc
563 3918 641 3978 porte
660 3925 759 3961 encore
771 3908 796 3961 le
811 3927 875 3962 nom
890 3908 923 3962 de
937 3909 1028 3963 Greut
1041 3927 1092 3963 aux
1105 3911 1236 3967 envirous
1248 3910 1284 3965 de
1297 3930 1323 3965 sa

264 4011 375 4054 source;
388 3995 455 4047 mais
467 3993 528 4065 plus
537 3993 584 4046 bas
597 3993 648 4048 elle
662 3997 744 4067 apris
757 3995 854 4068 depuis
867 3997 891 4051 la
900 3998 1036 4071 conquisto
1047 3997 1118 4053 celui
1132 3997 1167 4053 de
1177 3999 1260 4067 (Bm,
1275 4002 1322 4072 qui

262 4093 340 4137 entre
350 4082 418 4137 dans
431 4082 455 4136 la
465 4085 649 4155 composition
661 4083 696 4139 de
706 4086 775 4140 celui
787 4085 822 4139 de
832 4087 856 4140 la
871 4086 932 4141 ville
946 4086 981 4140 de
992 4087 1169 4159 Cambridge.

295 4170 334 4242 (5)
353 4174 425 4227 Lisea
442 4199 445 4225 :
464 4172 624 4227 hordeaceo.
