2768 5094
287 360 347 419 302
564 353 748 414 HISTORIA
771 352 1078 415 ECCLEstttSTICA.
1151 356 1335 431 [totto-uit·

288 477 354 548 Dei
374 502 393 546 a
416 475 567 574 proprio
589 473 753 573 genitore
776 471 958 546 abdicatus
983 501 1085 561 sum,
1105 489 1144 546 et
1167 473 1215 548 de
1233 476 1338 575 Anglii
1380 503 1384 524 =

288 595 325 663 in
343 591 606 663 Normauuiam
625 589 778 662 tenellus
795 589 896 676 exul,
918 604 959 662 ut
975 606 1115 663 aeteruo
1133 591 1214 692 regi
1231 592 1342 665 milita·

287 735 385 797 rem,
402 706 600 781 destinatus
618 732 712 779 sum.
732 706 868 780 Deinde
889 733 908 778 a
927 707 1121 781 venerabili
1143 723 1251 808 patre
1267 710 1342 783 ilai·
1369 710 1374 773 ἶ

286 824 455 922 nerio(1)
466 838 662 922 susceptus,
678 822 891 896 monachilis
904 820 1046 896 habitus
1060 823 1189 898 trabea
1205 840 1342 927 togatos,
1378 875 1384 884 -

284 948 497 1045 sinceroque
516 942 777 1017 monachorum
793 945 988 1018 conventui
1007 946 1148 1019 loedere
1170 946 1343 1021 indissolu-

283 1062 348 1137 bili
367 1065 533 1150 sociatus,
547 1065 622 1159 jam
642 1087 718 1135 xuu
741 1063 846 1135 annis
869 1061 949 1137 leue
961 1067 1093 1164 jugum
1111 1063 1264 1139 Domini
1283 1094 1344 1165 gra

285 1198 405 1254 tanter
422 1179 593 1278 bajulavi,
613 1194 649 1252 et
663 1205 747 1252 cum
760 1181 889 1253 coaevis
903 1182 993 1254 meis
1008 1182 1214 1255 secundum
1228 1183 1344 1281 regule
1376 1202 1382 1243 ¹

283 1299 551 1371 institutionem
566 1298 668 1369 invia
683 1298 747 1370 Dei
763 1323 832 1397 pro
844 1324 946 1397 posse
959 1298 1222 1407 meoalacriter
1235 1300 1344 1373 auno

283 1418 351 1489 lavi
363 1445 373 1504 3
391 1415 668 1490 ecclesiasticum
681 1441 821 1490 morem
833 1431 870 1489 et
886 1398 1071 1490 servitiu'm
1085 1417 1249 1491 ediscere
1263 1416 1344 1491 labo

282 1538 357 1608 ravi
368 1590 378 1626 ,
391 1551 427 1608 et
438 1561 578 1634 semper
591 1534 635 1607 ad
648 1534 785 1635 aliquid
797 1535 886 1609 utile
900 1537 1085 1635 ingenium
1095 1536 1275 1637 applicavi
1287 1540 1343 1636 (a).

333 1653 370 1725 Si
383 1650 571 1750 pontilices
580 1652 710 1738 nostri,
718 1650 851 1752 aliique
859 1666 1017 1727 rectores
1026 1651 1128 1727 orbis
1137 1668 1254 1727 tantae
1263 1680 1345 1727 sano

281 1769 396 1841 titatis
412 1782 528 1842 essent
537 1821 548 1855 ,
566 1783 608 1839 ut
620 1793 690 1867 pro
706 1768 777 1840 illis
794 1783 830 1841 et
845 1794 911 1868 per
929 1767 1009 1842 illos
1029 1767 1207 1843 miracula
1230 1770 1345 1843 divini·

283 1901 340 1957 tus
352 1885 493 1972 fierent,
507 1885 601 1956 sicut
613 1883 702 1959 olim
715 1882 928 1985 abantiquis
939 1883 1103 1983 patribus
1115 1883 1252 1959 crebro
1266 1880 1344 1959 lacta

281 2021 388 2095 sunt,
417 2019 524 2104 atque
553 2006 703 2101 sparsim
731 2002 856 2074 dillusa
886 2028 952 2101 per
980 2002 1143 2096 codices,
1179 2002 1343 2078 lectorum
1373 2046 1379 2121 Ι

282 2120 389 2194 conla
405 2121 562 2192 suaviter
579 2117 768 2206 imbuunt,
787 2134 823 2191 et
839 2119 991 2220 gloriam
1009 2119 1176 2218 priorum
1193 2118 1342 2193 minuta
1375 2152 1380 2195 ·.

280 2240 536 2338 magistrorum
551 2238 649 2335 signa
667 2235 906 2336 praesentibus
918 2236 1087 2311 recolunt
1093 2264 1105 2325 ς
1118 2264 1272 2313 mcusso
1284 2254 1344 2311 tor·

280 2380 370 2453 pore
387 2355 638 2452 memetipsum
656 2379 882 2438 exercerem,
902 2370 938 2426 et
952 2354 1059 2455 digna
1077 2352 1196 2428 relatu
1213 2354 1343 2429 notitia

280 2487 510 2571 posterorum
524 2470 636 2542 avidae
652 2471 789 2569 scripto
807 2472 1105 2547 transmitterem.
1119 2472 1260 2547 Verum
1271 2474 1343 2573 quit

281 2615 380 2660 nunc
399 2604 452 2660 cst
471 2587 528 2659 illa
547 2603 754 2688 tempestas,
772 2615 841 2688 qua
858 2587 1060 2663 multorum
1078 2588 1281 2691 refrigescit
1294 2614 1344 2661 ca·

280 2707 367 2777 ritas
389 2722 426 2778 et
448 2703 608 2778 abundat
626 2706 815 2806 iniquitas3
842 2709 1041 2780 sanctitatis
1062 2707 1194 2781 indicia
1218 2722 1344 2783 oeasaat

281 2822 471 2910 miracula,
496 2839 532 2895 et
556 2822 847 2923 multiplicantur
870 2823 1031 2897 facinora
1054 2850 1095 2896 ac
1123 2823 1287 2899 luctuosa
1313 2824 1343 2894 in

281 2940 418 3013 mundo
446 2940 685 3040 querimonia.
717 2940 1026 3040 llistoriograplris
1051 2942 1095 3015 ad
1120 2940 1345 3017 scribendum

280 3056 427 3129 uberius
445 3057 562 3128 thema
579 3056 668 3129 dant
682 3058 879 3156 praesulum
899 3057 1012 3159 litigia
1034 3075 1070 3132 et
1083 3074 1233 3135 cruenta
1247 3060 1345 3160 prin-

280 3175 402 3273 cipum
434 3175 576 3273 pra‘lia,
604 3199 713 3274 quam
744 3174 997 3277 theologorum
1022 3192 1271 3279 syntagmata,
1297 3176 1345 3249 rel

279 3288 569 3391 xerophagorum
592 3291 813 3390 parcimonia
836 3292 910 3365 sire
938 3290 1111 3395 prodigia.
1135 3290 1344 3367 Antichristi

281 3426 421 3509 tempus
434 3409 721 3511 appropinquat,
740 3424 824 3483 ante
840 3412 941 3509 cujus
954 3408 1083 3485 sociem
1099 3410 1161 3509 (ut
1173 3409 1347 3487 Dominus

279 3525 385 3598 beato
406 3524 476 3600 Job
501 3527 682 3623 insinuat)
708 3526 885 3625 praecedet
912 3542 1045 3627 egestas
1068 3526 1345 3613 miraculorum,

313 3878 351 3942 (r)
372 3874 501 3935 limatior,
524 3874 679 3945 quatriime
700 3872 769 3928 ablrt'·
791 3874 826 3926 tle
850 3874 1056 3929 Saitrt·l]rmult
1077 3873 1133 3946 (16
1150 3872 1245 3943 jutttet
1269 3870 1344 3929 roffi·

279 3962 296 4017 5
311 3982 384 4016 ntars
402 3964 494 4035 1089).

314 4054 353 4121 (π)
372 4052 484 4122 ”aprus
498 4070 542 4105 ecs
559 4052 683 4115 cluilius,
701 4064 780 4107 notre
795 4064 893 4107 auteur
908 4054 1019 4108 ‹crirait
1039 4072 1088 4107 ¹sou
1106 4053 1266 4127 cinqttieme
1283 4052 1346 4109 tim

279 4163 313 4196 en
330 4148 402 4197 tritt.
