2768 5094
274 397 333 459 tao
548 393 726 454 msrouu
751 391 1053 452 ucctnstasnca.
1230 395 1315 472 [iiia
1371 346 1376 359 ’

274 519 403 589 mundi
414 515 719 587 blandinentnA
725 512 913 613 conjugali
923 538 1115 612 ergonexu
1123 537 1191 597 rne,
1200 540 1317 611 quasa,
1355 584 1376 619 u

277 632 431 718 obsolve,
450 630 618 717 domina,
638 627 932 728 inequejt'deliter
945 628 1026 699 Deo
1042 626 1274 712 commendo,
1290 648 1320 698 ut

276 749 323 820 ab
340 753 437 820 omni
456 746 645 846 eccpeditus
661 745 843 817 mundiali
862 748 1028 831 sarcina,
1049 742 1248 816 monachili
1268 770 1321 815 rue·

277 892 360 936 reor
374 865 563 962 designari
575 862 698 935 ltobitu
710 880 744 934 et
760 880 920 935 tonsura.
937 863 1023 934 Hoc
1033 887 1082 932 ec
1092 862 1220 932 intimo
1231 860 1321 932 corde

277 982 454 1081 deposco,
480 979 548 1050 lroc
573 982 663 1050 uotis
690 979 855 1052 omnibus
880 981 1098 1078 concupisco
1105 1011 1123 1063 ;
1151 995 1190 1048 ut
1214 980 1322 1050 aruino

277 1123 358 1167 meu
377 1099 414 1167 in
431 1095 628 1168 monachili
641 1097 758 1194 possit
774 1097 977 1195 computari
992 1094 1165 1193 collegio,
1185 1112 1325 1194 sumpto

279 1240 345 1312 que
356 1215 538 1308 religionis
547 1212 729 1286 schemate
739 1230 925 1300 renouata,
936 1215 975 1284 in
985 1214 1159 1311 praesenti
1160 1215 1246 1311 jam
1256 1239 1327 1284 can

279 1345 355 1400 ture
371 1330 507 1401 soeculo
524 1358 533 1398 :
553 1330 657 1426 Nigra
676 1357 768 1415 sum,
787 1327 846 1401 sed
863 1328 1106 1425 formosa(1).
1125 1329 1327 1426 Nigrusun

192 1456 220 1527 ,tl
272 1472 343 1544 per
364 1445 519 1544 lu'spidoe
538 1449 646 1517 uestis
665 1444 889 1544 nigredinem
911 1460 945 1515 et
964 1443 1251 1540 defitrrnitotem,
1275 1444 1330 1515 sed

266 1559 436 1656 soranoso
463 1564 679 1660 persancti
698 1564 877 1661 propositi
904 1561 1159 1646 bumilitatem,
1196 1567 1331 1659 Deoque
1371 1568 1376 1679 1

275 1678 452 1778 placitam
470 1678 699 1750 devotionem.

330 1792 1334 1888 HaecAnsoldodicenteetbissimilia‚bonamulier,ejus

282 1910 458 1982 uoluntati
480 1936 666 2011 nunquam
687 1913 847 1984 resistere
869 1926 1027 1999 assueta,
1052 1910 1176 1982 multis
1201 1908 1335 1982 lletibus

282 2027 437 2124 perlusa,
455 2025 514 2099 sed
528 2029 604 2099 siue
617 2026 850 2113 elamoribus,
865 2029 1044 2099 reverenti
1060 2027 1183 2125 vigens
1199 2024 1337 2098 modes-

285 2143 352 2229 tia,
368 2142 546 2242 solitoque
564 2168 664 2215 moro
681 2141 849 2216 obediens
867 2143 1010 2228 marito,
1026 2140 1202 2214 concessit
1217 2141 1336 2237 petita.

284 2260 389 2330 'lunc
409 2276 529 2331 sancta
550 2259 706 2332 Ecclesia
726 2260 881 2358 vigiliam
900 2259 1033 2330 Natalis
1051 2257 1198 2331 Domini
1220 2255 1340 2328 festive

285 2375 505 2464 celebrabat3
525 2392 561 2449 et
578 2376 765 2450 vehemens
784 2392 909 2449 ventus
927 2373 1204 2449 intolerabiliter
1217 2371 1340 2445 orbem

285 2494 524 2580 concutiebat,
544 2494 658 2593 sylvas
677 2511 712 2566 et
725 2494 864 2580 domos,
884 2494 1022 2594 aliaque
1035 2491 1184 2565 aedificia
1201 2490 1343 2589 dejicie-

285 2608 367 2694 bat,
386 2608 578 2707 multisque
595 2609 734 2680 damnis
751 2611 787 2680 iu
806 2611 894 2681 mari
913 2624 949 2681 et
968 2611 1002 2681 in
1022 2625 1115 2681 terra
1133 2607 1258 2692 lactis,
1280 2605 1343 2677 hu·

285 2751 388 2796 mana
412 2723 624 2798 mirabiliter
644 2727 749 2798 cotula
774 2727 941 2800 terrebat.
967 2726 1205 2799 Concessioue
1227 2726 1344 2823 itaque

286 2841 396 2927 sacta,
417 2842 488 2913 tiro
510 2841 641 2913 Christi
668 2869 752 2916 mox
777 2859 996 2929 tonsoratur,
1017 2841 1223 2941 taeophytus
1240 2841 1345 2912 sacris

288 2954 1342 3058 vestibusinduitur3quibuspertriduumindutus,Cbrist0,

290 3071 1348 3172 utcumeoresurgerepossit,consepelitur.Tertiadenique

288 3189 344 3260 die
361 3203 514 3261 mortem
529 3189 697 3276 seusticus,
713 3186 840 3262 fratres
852 3191 956 3260 acciri
974 3189 1076 3278 lecit,
1090 3214 1130 3260 ac
1143 3186 1262 3258 utsibi
1277 3212 1348 3257 mo·

290 3306 460 3376 rieutium
476 3307 823 3379 commendationem
837 3307 1009 3393 lacerent,
1025 3306 1176 3401 rogarit.
1191 3302 1270 3396 Qua
1285 3329 1348 3402 pe·

290 3437 384 3492 ructa
394 3476 405 3508 ,
423 3448 549 3520 aquarn
567 3419 790 3495 benedictam
805 3440 841 3494 et
855 3449 996 3494 crucem
1010 3421 1076 3493 sibi
1094 3422 1213 3494 allerri
1231 3421 1345 3519 petiit.

291 3535 429 3629 Quibus
458 3537 595 3629 allatis,
629 3565 716 3638 aqua
744 3566 780 3612 se
805 3541 969 3639 aspersit,
999 3564 1140 3612 crucem
1166 3538 1343 3622 adoravit,

291 3657 528 3754 Christoque,
555 3657 616 3755 qui
646 3658 681 3729 in
710 3684 814 3730 cruce
835 3658 1025 3757 pependit,
1047 3658 1097 3728 sic
1117 3684 1170 3741 se,
1196 3654 1350 3755 quodam

294 3771 449 3870 sophista
467 3772 724 3872 praeloquente,
744 3774 1006 3848 commendarit
1024 3805 1031 3843 :
1051 3775 1093 3844 ln
1108 3800 1240 3844 ntnnus
1258 3788 1348 3850 titas,

297 3890 448 3957 llurnine
469 3889 583 3974 Deus,
609 3888 690 3961 licet
716 3889 799 3961 olint
821 3907 1005 3990 peccator,
1027 3915 1122 3960 stunc
1141 3913 1224 3959 uerti
1245 3888 1350 3984 poeni-

874 4068 891 4073 -<
906 4064 1127 4075 —u——Q——na--—-n-·
1141 4058 1350 4072 -ο-Μ

331 4152 338 4211 ι’
348 4154 368 4214 i)
391 4148 470 4200 t'ant.
488 4148 610 4219 Curitis,
619 4167 639 4211 ι,
658 4154 681 4212 d.
