2768 5094
140 395 187 470 57]
353 391 466 455 arsen
487 391 665 458 renatus.
997 394 1039 455 aa

140 537 165 582 n
184 509 280 581 iliius
297 525 332 583 et
351 509 474 582 tibiam
498 508 764 604 comederant),
790 524 907 582 tantus
926 510 1040 585 foetor·

140 624 327 713 bulliebat,
350 641 391 696 ut
416 624 536 697 nuilus
552 622 595 697 ad
618 649 701 696 eum
722 621 887 697 accedere
906 645 1036 725 posset.

140 767 159 812 r
174 739 345 813 toetorem
355 793 366 829 ,
383 741 446 841 qui
467 740 608 840 longius
623 736 857 828 sentiebatur,
876 741 1041 816 inventus

140 859 353 956 accipientes
369 883 451 929 eum
469 872 572 955 pater
592 858 666 954 ejus
684 869 721 927 et
735 869 863 943 mater,
880 859 940 957 qui
961 859 1040 957 pius

140 971 325 1063 amabant,
344 985 442 1045 extra
459 967 700 1071 polyandrum
720 967 876 1042 ecelesias
893 973 1042 1070 sepelie-

140 1113 198 1162 cee
210 1087 305 1187 quali
320 1101 438 1159 morte
451 1087 514 1159 iste
531 1070 723 1157 mulctatus
739 1099 812 1173 est,
835 1087 897 1185 qui
915 1087 957 1160 ad
974 1116 1044 1161 sse-

140 1202 270 1276 iitatem
291 1202 406 1275 redire
426 1202 573 1289 maluit,
593 1227 702 1301 quam
722 1200 816 1274 inter
839 1228 958 1278 servos
979 1206 1042 1279 Dei

140 1318 251 1394 lucere
258 1373 268 1406 ,
299 1343 494 1418 perquam
519 1332 638 1416 posset
661 1316 705 1390 ad
726 1316 870 1392 coeleste
892 1346 1042 1422 regnum

140 1434 239 1510 idere.

152 1551 353 1652 presbyter,
370 1550 565 1625 Adelardus
577 1543 744 1640 nomine,
759 1579 841 1625 cum
859 1579 922 1653 per
939 1554 1046 1628 infir-

140 1693 154 1739 ι
173 1664 334 1740 habitum
352 1666 602 1740 monachicum
622 1669 845 1767 sumpsisset,
865 1670 1045 1743 eeclesiam

140 1810 171 1858 io
189 1811 271 1857 cum
290 1786 444 1872 decima,
464 1812 571 1886 quam
589 1787 626 1858 in
649 1784 758 1860 feudo
781 1785 945 1874 tenebat,
971 1788 1048 1861 Deo

140 1902 253 1976 arulfo
269 1929 308 1974 ac
325 1902 508 1976 monachis
524 1903 633 2001 ipsius
651 1903 689 1974 in
704 1919 918 2004 perpetuum
934 1905 1049 2002 possi-

140 2048 146 2091 ι
164 2017 321 2092 tradidit.
339 2019 408 2113 Qui
426 2034 545 2118 postea
560 2044 643 2090 cum
659 2018 702 2091 ad
719 2020 902 2091 sanitatem
922 2020 1049 2094 rediis-

140 2135 275 2208 enitere
299 2134 343 2207 de
370 2158 414 2208 eo
439 2133 538 2234 quod
566 2149 685 2233 egerat
710 2135 845 2231 coepit,
877 2149 983 2235 atque
1007 2136 1049 2207 ad

140 2277 165 2322 n
184 2250 300 2325 redire
322 2252 458 2323 statuit.
481 2247 585 2342 Quod
609 2275 690 2322 cum
707 2247 814 2322 abbas
835 2251 1051 2325 Teoderieus

140 2383 166 2454 t,
189 2367 347 2467 regulam
368 2369 405 2439 S.
432 2363 613 2442 Benedicti
639 2365 780 2438 recitari
806 2365 919 2440 eidem
944 2366 1050 2455 feeit,

140 2480 222 2555 sitti
238 2513 246 2553 :
260 2484 360 2555 Ecce
374 2484 434 2555 ler
442 2539 455 2573 ,
470 2482 537 2556 snb
551 2509 625 2582 qua
637 2482 793 2554 militare
805 2485 875 2556 vis.
893 2482 1052 2587 Sipotes

140 2624 206 2686 ae,
229 2597 446 2698 ingestam
470 2602 505 2672 si
526 2626 609 2672 vern
629 2624 701 2671 non
723 2616 848 2700 potes,
868 2600 960 2672 liber
974 2601 1056 2674 dis-

140 2710 275 2785 tolebat
298 2713 395 2785 enim
414 2713 570 2814 aliquem
591 2710 792 2812 hujusmodi
820 2713 1003 2790 bominem
1021 2718 1054 2787 vi

140 2854 164 2901 r.
185 2832 236 2903 At
255 2830 313 2903 itte
332 2831 368 2902 in
390 2857 450 2902 sua
467 2830 661 2929 pertinacia
678 2829 769 2903 male
787 2830 990 2919 induratus,
1013 2834 1058 2904 de

140 2947 170 3019 io
194 2948 326 3034 exirit,
351 2963 387 3020 et
413 2947 574 3020 habitum
590 2947 816 3035 saecularem,
840 2974 948 3049 quem
973 2949 1059 3023 reli·

140 3116 149 3151 ,
177 3066 416 3164 reassumpsit.
445 3065 608 3167 Cumque
632 3064 813 3139 ecclesiam
842 3067 887 3139 de
915 3067 1056 3168 Sappo,

140 3183 312 3254 nonaehis
338 3182 502 3270 dederet,
534 3185 663 3256 iterum
689 3184 848 3283 accipere
868 3184 1056 3267 voluisset,

140 3300 166 3371 ie
176 3299 504 3388 Greutemaisaiiio,
519 3303 581 3402 qui
595 3319 682 3374 tunc
696 3300 872 3375 horrorem
885 3302 928 3375 de
943 3305 1060 3402 Sappo

140 3430 213 3500 rat,
238 3417 361 3489 einen
385 3418 560 3516 permisit.
581 3416 651 3507 Qui
679 3415 914 3489 Frierdelium
938 3419 995 3514 (ι)
1016 3418 1058 3489 ad

140 3548 265 3603 irerrtes
284 3536 377 3625 (erat
396 3533 493 3604 enim
510 3531 554 3604 de
577 3528 683 3604 bonis
699 3529 930 3629 parentibus)
949 3530 1057 3615 abiit,

140 3675 174 3720 ea
189 3648 263 3721 sere
281 3674 326 3719 xs·
341 3650 443 3722 aratris
459 3647 590 3721 ibidem
604 3647 705 3720 uixit.
722 3647 925 3748 Numquam
942 3662 1059 3723 tumen

140 3763 233 3834 darm
251 3767 386 3861 integre
401 3764 469 3834 fait
482 3790 599 3851 mirus,
615 3762 673 3837 sed
690 3763 834 3835 assiduis
847 3762 1062 3865 fatigabatur

145 3878 287 3951 tatibus.
314 3881 474 3979 Denique
497 3908 578 3954 eum
603 3895 757 3953 mortem
782 3877 849 3951 sibi
876 3881 1063 3953 immineri·

141 4142 215 4191 aaut
231 4160 291 4209 pras
306 4141 389 4192 trata.
