2768 5094
272 377 330 434 328
544 362 727 428 HISTORIA
747 358 1053 425 EchRSllsTlca.

272 489 399 591 populi
413 488 456 561 ad
471 487 605 574 Deum,
624 488 895 585 ingemuerunt,
912 499 947 556 et
965 507 1011 555 xx
1027 480 1230 581 discipulos
1246 507 1328 565 auo,

271 605 524 677 utTaurinum
532 602 762 700 perimerent,
773 601 1056 672 concitaverunt
1064 596 1138 690 Qui
1148 597 1331 684 venientu,

272 723 386 795 aviro
399 721 464 794 Ilei
482 746 501 790 a
518 719 625 819 longe
641 719 706 789 visi
724 733 762 791 et
777 717 916 816 cogniti
934 730 1038 800 sunt3
1062 716 1219 815 ipsoque
1230 713 1333 786 caucia

272 838 414 938 signum
432 851 556 907 contra
577 833 657 906 illos
670 833 841 921 faciente,
861 831 959 906 illico
977 830 1039 907 fixi
1055 842 1256 904 steterunt.
1279 827 1334 902 lllo

274 955 407 1027 iterum
420 949 572 1050 jubente
589 949 698 1025 uoluti
717 966 822 1036 sunt,
841 963 877 1023 et
896 945 1080 1047 provoluti
1099 944 1259 1047 pedibus
1274 949 1335 1044 eju

275 1068 524 1156 crediderunt,
540 1085 576 1140 et
594 1069 632 1139 in
649 1068 799 1140 nomine
814 1082 995 1140 sanctaeet
1007 1064 1207 1138 individuae
1218 1064 1336 1137 Trini-
1379 1117 1382 1122 -

278 1187 358 1259 tatis
374 1183 542 1284 baptizati
557 1201 656 1257 sunt.
674 1185 768 1285 Magi
784 1199 918 1273 autem,
936 1200 977 1257 ut
990 1210 1050 1256 tna
1064 1182 1242 1283 figmenta
1256 1180 1336 1256 nibil

277 1306 320 1387 in
330 1303 484 1378 militem
497 1301 630 1379 ebrini
640 1302 757 1376 valere
767 1316 1037 1401 compererunt,
1051 1301 1214 1401 propriis
1226 1326 1266 1374 ee
1275 1297 1339 1372 cnl-

279 1418 345 1495 tris
362 1418 638 1491 interemerunt.

328 1538 467 1609 luterea
485 1535 643 1607 Licinius
661 1534 787 1608 consul
812 1534 941 1608 famam
959 1534 1052 1609 beati
1072 1533 1261 1635 pontilicis
1282 1557 1339 1604 aa·

279 1652 390 1739 divit,
408 1654 597 1752 ipsumque
614 1651 682 1724 sibi
695 1653 905 1752 Gisnico(1)
917 1653 1000 1726 villa
1013 1652 1226 1754 praesentari
1246 1649 1338 1724 fecit.

282 1770 457 1864 Qui‚cum
465 1767 1087 1857 traheretur‚obviumbabuitunum
1094 1768 1342 1869 paralyticum,

282 1912 516 1987 sororemque
534 1889 608 1985 ejus
624 1912 775 1972 caecam,
794 1886 937 1958 surdam
952 1901 989 1959 et
1006 1900 1156 1958 mutam.
1177 1883 1343 1958 Protinus

284 2005 344 2078 ille
359 2029 490 2102 aquam
506 2001 713 2089 benedixit,
739 2030 853 2103 aegros
869 2001 1028 2102 perfudit
1049 2017 1087 2075 et
1102 2027 1191 2076 mox
1206 1999 1344 2074 sanitati

285 2120 456 2194 restituit.
475 2118 668 2193 carnifices
684 2119 753 2193 boc
769 2120 939 2194 viderunt
955 2136 990 2193 et
1007 2120 1046 2192 iu
1062 2120 1265 2193 Dominum
1279 2131 1346 2190 eta-

287 2238 353 2310 tim
370 2237 613 2312 crediderunt.
634 2240 729 2310 Dum
741 2238 874 2338 praesul
890 2253 928 2312 et
938 2238 1063 2312 consul
1078 2237 1123 2312 de
1135 2236 1302 2311 idolatria
1313 2250 1347 2309 ct

287 2350 468 2427 theusebia
477 2355 530 2450 (a)
548 2354 749 2451 procaciter
759 2353 1033 2446 altercarentur,
1050 2369 1087 2428 et
1104 2352 1240 2454 praeeul
1252 2355 1348 2452 jueta

288 2464 446 2540 consulis
471 2464 766 2540 irrationabiliter
786 2467 940 2542 furentis
963 2467 1081 2542 nudus
1099 2468 1211 2569 virgin
1234 2467 1351 2542 oede-

289 2596 404 2667 retur,
425 2579 540 2653 Deum
559 2579 713 2654 fideliter
728 2581 937 2681 deprecatus
952 2599 1023 2672 eet,
1046 2598 1082 2658 et
1101 2609 1189 2658 mox
1206 2608 1297 2657 voce
1311 2580 1352 2655 de

290 2697 386 2771 coelo
409 2697 453 2769 ad
477 2722 561 2771 eum
584 2698 689 2770 missa
715 2699 940 2774 confortatus
964 2717 1030 2775 est.
1057 2701 1186 2776 Manna
1208 2726 1355 2802 quoquc

289 2814 499 2888 carnificum
519 2815 641 2888 statim
660 2834 848 2891 aruerunt.
873 2819 1031 2891 Licinius
1049 2844 1136 2894 vcro
1155 2817 1356 2892 leonillam

291 2957 441 3006 uxorem
456 2957 574 3018 suam,
590 2933 673 3031 quia
686 2932 901 3033 loquebatur
915 2959 984 3034 pro
1000 2935 1081 3008 viro
1098 2934 1181 3023 Dei,
1201 2937 1255 3006 ira
1270 2959 1355 3006 cuc-

290 3071 415 3121 census
428 3047 535 3145 jussit
551 3048 714 3120 cruciari.

323 3318 363 3386 (ι)
381 3316 458 3371 Noua
471 3333 589 3390 pennoni
604 3316 672 3391 qu’il
688 3317 767 3390 t’agit
784 3320 819 3375 ici
836 3319 872 3375 de
887 3321 981 3389 Ginai,
994 3338 1143 3376 commune
1154 3319 1191 3374 de
1203 3308 1354 3383 l'llmtiu,

289 3406 377 3460 situle
387 3416 468 3461 entre
486 3404 597 3478 Bvoglie
609 3415 639 3460 et
656 3407 692 3461 la
707 3408 806 3475 barre,
824 3411 862 3464 οὺ
875 3408 931 3464 Ιόιι
944 3421 1040 3465 trouve
1056 3409 1106 3464 dea
1124 3408 1220 3465 debrir
1232 3406 1356 3464 notnhlu

289 3496 429 3552 d¹edilicce
442 3498 578 3565 romulus,
597 3508 626 3552 et
639 3501 654 3552 'a
667 3498 785 3574 laquelle
801 3511 865 3556 nont
880 3504 981 3558 retteee
998 3501 1139 3558 attacbees
1155 3500 1304 3573 Ιιαιιὼιιρ
1320 3497 1355 3552 de

290 3583 437 3640 traditione
456 3583 581 3640 relatives
599 3588 615 3640 l
633 3587 705 3642 saint
718 3588 834 3644 Tauria.
852 3588 994 3646 Pluvieura
1012 3589 1048 3646 de
1068 3608 1119 3646 noa
1140 3584 1354 3663 compatriota,

288 3673 396 3747 d'apnls
414 3675 439 3730 la
456 3674 621 3729 decouverte
635 3675 700 3730 laite
718 3696 753 3730 au
768 3666 966 3734 Vieil-Evreux
985 3677 1069 3734 d’une
1088 3679 1254 3752 inscription
1267 3676 1358 3731 votive

288 3763 405 3817 audien
422 3763 513 3830 Ginai,
534 3774 562 3818 et
580 3763 664 3819 d’une
676 3775 755 3820 autre
774 3767 939 3841 iutcriptiou
952 3767 1021 3823 dana
1035 3766 1152 3842 laquelle
1170 3767 1294 3840 figurent
1309 3762 1358 3818 de·

288 3853 410 3922 titopcna
422 3850 456 3906 dc
467 3852 558 3918 Glari,
576 3855 683 3908 croicut
694 3873 749 3927 que
757 3856 836 3912 Ginai
848 3868 890 3912 eet
903 3858 929 3914 le
941 3877 1006 3913 nom
1020 3857 1152 3931 primitis,
1162 3857 1190 3913 lc
1199 3874 1266 3912 noer
1277 3856 1358 3911 Gan·

287 3941 337 3995 lois
345 3951 373 3994 ct
384 3941 473 3995 minuc
483 3939 601 3997 llontain
612 3942 650 3996 du
661 3934 864 4017 Vicil-Evreux,
873 3968 928 4023 que
936 3967 1006 4004 nont
1015 3949 1166 4021 iugandum
1174 3967 1209 4005 au
1217 3947 1361 4002 contraire

287 4050 385 4085 conane
395 4030 611 4103 l'cmplaccnunt
625 4032 660 4087 dc
671 4035 860 4095 Mediolanum
876 4042 1069 4096 Aulercorum.

321 4123 359 4191 (a)
377 4126 523 4180 evoricus,
540 4121 565 4176 lt·
581 4121 654 4178 cullc
669 4124 753 4181 divin.
