2768 5094
315 122 374 186 llo
592 128 775 190 HISTORIA
798 128 1103 197 ecelesiastica.

455 244 518 300 Flos
528 263 677 319 procerum
690 246 790 303 Petrus
798 265 886 323 prope
894 250 955 323 jani
967 251 1074 310 decidit
1085 252 1161 312 idus.

454 335 574 410 Dapsilis
586 347 616 392 et
628 336 705 392 letus
715 337 836 393 multum
850 339 905 394 suit
916 351 1000 416 atque
1012 341 1128 413 tsoetus,

454 425 521 480 Plus
529 424 620 500 epulis
632 443 717 499 φιαηι
730 425 835 482 militia
846 428 987 485 studiosus
998 431 1095 505 agoni.

450 516 582 572 Summus
594 516 669 590 apud
681 533 823 590 moseres,
837 528 867 574 et
876 519 1015 575 nobilium
1028 519 1084 578 snit
1095 520 1196 581 lines.

451 605 532 662 Vixit
544 605 712 676 honoratus,
726 617 801 662 terra
810 625 866 682 qua
878 619 976 681 pausa
988 609 1137 679 humatus,

451 695 486 749 Et
498 693 577 750 dedit
590 695 663 751 hanc
675 693 768 751 sedem
782 696 889 753 Christi
905 698 1049 771 genitricis
1060 699 1097 757 sd
1109 699 1208 757 ndens.

450 783 496 840 Bis
509 802 591 840 senus
600 784 660 857 jani
675 782 716 840 sol
729 783 842 840 nubilus
854 786 947 842 estitit
960 786 1017 854 illi;
1350 759 1384 892 1

450 875 504 931 Sed
516 876 558 931 sol
568 876 683 948 justitio
694 894 777 951 prece
788 875 913 951 fulgidus
922 888 982 933 esto
994 878 1097 934 Maria.
1353 875 1384 995 Ι

448 965 561 1038 Plaugit
573 966 714 1027 Patisium
729 976 832 1040 pangat
844 983 929 1040 super
939 965 1177 1041 hunepantlim
1355 991 1384 1097 fi

449 1053 504 1108 Per
515 1065 637 1122 muctam,
652 1053 746 1110 mem
758 1055 861 1129 quibus
874 1055 948 1111 hanc
959 1056 1096 1113 conooesit
1107 1067 1137 1113 et
1147 1054 1246 1113 adem.
1359 1111 1374 1132 s,

357 1196 556 1288 Ansoldus,
576 1198 674 1272 Petri
691 1196 804 1286 filius,
820 1199 914 1298 patri
931 1197 1096 1274 moribus
1112 1200 1153 1273 in
1165 1132 1384 1303 quibuadnp

308 1315 465 1388 multum
481 1315 552 1389 fuit
567 1316 768 1405 dissimilis;
787 1316 999 1391 multimoda
1015 1333 1135 1393 umen
1153 1317 1348 1394 virtuten-
1364 1333 1368 1350 ’

300 1437 377 1532 jor,
396 1433 474 1521 vel,
500 1449 542 1506 ut
565 1433 784 1508 moderatius
803 1432 960 1535 loquar:
984 1435 1145 1537 aequalis.
1174 1436 1368 1512 Erateuiu‘

306 1550 513 1623 excellentis
530 1550 666 1650 ingenii
685 1566 721 1625 et
740 1550 1008 1652 magnanimus,
1033 1576 1192 1652 corpore
1213 1550 1350 1627 fortiss

304 1693 491 1767 procerus,
504 1693 545 1742 ac
558 1668 705 1741 militari
719 1666 902 1767 probitate
913 1669 1248 1769 praestantissimus,
1258 1686 1369 1757 auus,

304 1783 411 1857 ritate
427 1780 591 1857 sublimis
608 1798 644 1856 et
661 1784 699 1856 in
711 1782 850 1883 judicio
861 1786 994 1883 justus,
1010 1784 1049 1857 in
1061 1784 1369 1859 sententiisdissa'

303 1900 425 1975 rendis
453 1899 566 1972 audax
596 1924 637 1973 ac
669 1898 864 1988 beandus,
893 1915 1002 2001 atque
1026 1899 1255 2001 philosophis
1286 1894 1381 2002 part.

302 2017 556 2118 adaequandus.
579 2016 750 2090 Ecclesiae
771 2015 896 2088 limina
916 2014 1191 2116 frequentabat,
1213 2032 1254 2090 et
1269 2018 1374 2091 saetiss

302 2132 529 2207 sermonibus
544 2132 681 2232 patulas
693 2158 795 2207 aures
808 2131 961 2206 solerter
976 2131 1288 2208 accommodabat.
1305 2135 1355 2208 tta
1371 2146 1377 2227 ’,

299 2266 431 2350 gestas,
452 2266 563 2348 prout
576 2249 734 2348 antiquis
752 2249 935 2322 codicibus
948 2249 1091 2325 insertae
1109 2266 1218 2343 sunt,
1235 2251 1356 2326 edisos·

299 2366 383 2454 bat,
404 2393 424 2438 a
445 2366 563 2439 doctis
581 2365 798 2438 relatoribus
816 2366 968 2442 solerter
988 2366 1247 2470 investigabat,
1270 2370 1357 2443 andi·

300 2498 423 2584 usquc
446 2497 591 2582 patrum
612 2481 703 2553 vitas
730 2482 844 2555 tenaci
870 2484 1057 2558 memoriae
1078 2484 1355 2560 commendabat.

298 2596 491 2671 Falsidioos
512 2595 701 2684 relatores,
727 2610 764 2669 et
784 2596 938 2671 verbum
958 2598 1023 2671 llei
1047 2596 1309 2689 adulterantes,
1330 2616 1357 2675 et

298 2711 465 2813 turpibus
487 2712 597 2784 lucris
618 2711 794 2785 inhiantes
811 2737 937 2787 exosos
958 2710 1133 2802 hahebat,
1158 2732 1200 2790 et
1219 2716 1358 2791 demotis

295 2827 573 2929 sophismatibus
588 2827 769 2926 malignis,
781 2853 826 2900 ne
837 2828 999 2903 insontes
1010 2828 1234 2930 deciperent,
1249 2831 1357 2932 palan

295 2945 519 3022 confutabat.
550 2944 765 3044 Religiosam
790 2942 1053 3022 Guindesmoth
1081 2964 1237 3021 matrem
1265 2973 1357 3022 suan

293 3091 436 3166 semper
452 3062 663 3152 honoravit,
678 3077 716 3136 et
727 3062 765 3135 in
778 3063 964 3155 omnibus,
983 3078 1023 3135 ut
1036 3062 1150 3137 tidelis
1161 3063 1280 3157 lilius,
1293 3066 1356 3166 pie

292 3184 399 3260 matri
413 3181 683 3258 obsecundavit.
698 3183 785 3254 llaec
794 3179 956 3255 nobilem
968 3207 1012 3255 ex
1022 3182 1236 3257 Treoassino
1249 3184 1355 3257 terri-

292 3301 389 3375 torio
407 3298 608 3399 prosapiam
624 3296 745 3383 duxit,
764 3297 912 3398 Deoque
928 3296 1073 3386 devota,
1093 3296 1169 3373 sere
1187 3322 1239 3373 xv
1255 3301 1353 3373 annis

289 3418 423 3491 marito
442 3440 508 3489 suo
531 3416 569 3487 in
591 3413 763 3488 viduitate
788 3414 999 3514 supervixit.
1027 3414 1127 3489 Felix
1147 3442 1254 3504 anus,
1272 3442 1351 3517 quse

289 3561 401 3635 usque
429 3535 466 3606 in
492 3531 632 3605 senium
656 3530 725 3604 sida
752 3529 876 3606 sobole
901 3532 938 3604 in
964 3532 1083 3605 mariti
1113 3530 1271 3608 thalamo
1294 3533 1351 3631 pie

288 3667 480 3726 sustentata
495 3667 568 3738 est;
583 3666 620 3724 et
638 3647 771 3723 ibidem
784 3648 1049 3725 consolatorem
1062 3649 1116 3724 sui
1134 3650 1350 3724 tutissimum

286 3766 424 3857 videns,
443 3769 575 3845 viatico
591 3784 735 3868 sumpto
752 3766 919 3843 defuncta
938 3782 1003 3842 est.
1023 3766 1116 3841 Hinc
1132 3764 1263 3841 adulci
1275 3763 1350 3840 lilio

286 3900 492 3960 reverenter
506 3883 549 3955 ad
565 3884 743 3957 tumulum
757 3885 901 3959 devecta
912 3901 977 3971 est,
993 3899 1029 3958 et
1043 3884 1079 3955 in
1092 3884 1234 3982 gremio
1245 3881 1350 3959 eccle·
