2768 5094
314 406 372 468 196
586 400 772 462 HISTORIA
795 401 1102 463 uccenstastlca.
1292 405 1373 482 [Μ

310 527 424 626 pleri,
447 539 484 597 et
506 525 588 623 igne
614 522 748 622 injecto
769 524 912 621 penitus
927 523 1049 597 omnia
1068 522 1182 595 simul
1202 520 1374 607 comuni,

310 658 345 714 et
364 642 413 712 sic
432 665 580 712 omnem
598 639 807 710 alimoniam
828 665 894 737 per
915 653 1029 709 totam
1046 637 1247 736 regionem
1264 638 1375 709 Tne

310 757 557 830 llumbranam
569 756 706 854 pariter
718 754 907 827 devastari.
924 752 1029 826 Unde
1042 756 1216 856 sequenti
1233 770 1376 853 tempere

310 890 384 946 tam
397 874 513 974 gravis
529 873 566 944 in
581 872 710 971 Anglia
726 872 796 945 late
810 872 912 944 saevit
925 871 1095 969 penuria,
1107 886 1146 943 et
1161 872 1376 945 inermcmat

308 990 508 1090 simplicem
533 988 711 1086 populum
730 1001 829 1059 tanta
850 987 954 1058 samis
979 985 1137 1057 involvit
1160 987 1333 1078 miseria,
1347 1003 1376 1058 1

307 1105 511 1178 christianae
527 1105 645 1204 gentis
662 1104 851 1202 utriusque
868 1128 970 1175 sexus
988 1117 1024 1174 et
1041 1103 1166 1175 omnia
1183 1104 1309 1175 aetatis
1324 1102 1377 1175 lu·

306 1224 422 1295 mines
432 1223 594 1321 perirent
606 1221 688 1321 plus
701 1246 810 1321 quam
827 1235 974 1293 centum
989 1218 1100 1292 millia
1114 1222 1187 1317 (ι).
1210 1223 1262 1293 ln·
1274 1220 1376 1293 multia

306 1337 542 1412 Guillclmum
559 1356 681 1411 nostra
696 1337 854 1411 libenter
867 1336 997 1410 extulit
1013 1338 1162 1425 relati03
1183 1338 1251 1411 sed
1272 1340 1308 1411 in
1324 1338 1376 1411 bot

305 1457 403 1559 quod
432 1483 504 1528 una
533 1461 669 1556 justum
692 1471 729 1529 et
760 1457 935 1554 injustum
965 1454 1097 1527 tabidae
1128 1455 1243 1526 famis
1274 1455 1375 1527 lancea

305 1597 408 1672 aequc
422 1570 621 1658 transfixit,
641 1570 784 1643 laudare
804 1595 881 1645 non
894 1568 1021 1643 audeo.
1041 1569 1154 1653 Nam,
1169 1570 1267 1643 dum
1284 1571 1377 1643 inno·

305 1713 392 1762 cuos
410 1685 565 1758 infantes
577 1691 797 1785 juvenesque
818 1701 1009 1758 vernantes
1028 1701 1063 1758 et
1081 1685 1243 1759 lloridos
1261 1686 1376 1758 canitie

303 1830 405 1878 senes
423 1804 517 1876 same
537 1803 733 1903 periclitari
751 1801 876 1895 video,
902 1804 1149 1877 misericordia
1171 1823 1304 1878 motu»
1321 1804 1376 1877 rui·

303 1920 464 1995 serabilis
478 1921 603 2020 populi
622 1919 843 1995 moeroribua
857 1936 894 1995 et
907 1920 1150 1994 anxietatibus
1164 1924 1285 2023 magis
1300 1946 1376 1996 con

302 2039 431 2127 doleo,
459 2066 569 2140 quam
594 2055 705 2112 tantae
728 2038 835 2112 caedis
860 2064 925 2112 reo
944 2038 1085 2112 frivolis
1111 2038 1377 2115 adulationibus

302 2156 422 2230 farere
438 2157 617 2229 inutiliter
637 2156 776 2228 studeo.
795 2157 972 2230 Praeterea
996 2155 1255 2232 indubitanter
1268 2181 1376 2232 asson

301 2272 400 2373 quod
415 2273 564 2372 impune
579 2297 655 2344 non
669 2272 878 2345 remittetur
890 2287 964 2343 tam
976 2272 1096 2346 feralia
1108 2275 1264 2348 occisio.
1280 2277 1376 2348 Sum·

300 2412 380 2461 mos
394 2388 539 2460 enimet
554 2388 649 2459 imos
662 2387 826 2460 intuetur
836 2389 1069 2489 omnipotens
1078 2388 1215 2488 judex,
1230 2408 1270 2465 et
1281 2418 1376 2494 aeque

301 2507 467 2578 omnium
479 2505 571 2577 sacta
581 2504 749 2579 discutiet
759 2531 799 2576 ac
809 2507 1163 2606 punietjustissimus
1174 2509 1330 2596 vindex,
1342 2525 1376 2581 at

301 2623 418 2722 palam
436 2620 606 2696 omnibus
624 2621 757 2696 enodat
775 2623 837 2696 Dei
855 2639 1026 2724 perpetua
1046 2625 1115 2698 lex.

350 2742 450 2814 lntcr
463 2739 556 2813 bella
570 2739 785 2814 Guillelmua
802 2769 845 2814 ex
862 2744 1007 2817 civitate
1023 2744 1168 2816 Gucnta
1186 2742 1298 2844 jubet
1318 2748 1375 2818 ad·

300 2859 388 2933 ferri
408 2884 600 2945 coronam,
618 2858 757 2959 aliaque
778 2875 989 2932 ornamenta
1006 2860 1136 2960 regalia
1157 2876 1195 2934 et
1215 2888 1322 2949 rasa,
1344 2878 1376 2935 et

300 2976 447 3051 dimisso
469 2977 630 3049 exercitu
653 2976 690 3048 in
709 2978 832 3048 castris
854 2976 1062 3050 Eboracum
1087 2978 1227 3079 pergit,
1256 2979 1375 3082 ibique

301 3092 426 3166 Natalc
454 3092 646 3164 salvatoris
673 3093 788 3165 nostri
818 3093 1061 3167 concelebrat.
1091 3095 1254 3167 Rursum
1278 3122 1375 3171 com·

300 3211 396 3309 perit
423 3207 553 3284 hostile
585 3208 777 3308 collegium
806 3211 842 3281 in
870 3210 1003 3311 angulo
1030 3209 1375 3314 quodamregionis

301 3325 442 3399 latitare
449 3379 460 3412 ,
484 3327 574 3400 mari
598 3327 651 3399 rel
678 3325 867 3425 paludibus
884 3326 1044 3429 undique
1061 3329 1220 3404 munito.
1239 3331 1375 3405 Unicus

299 3442 416 3517 aditus
435 3470 501 3543 per
519 3442 675 3518 solidum
695 3444 925 3532 intromittit,
950 3445 1140 3521 latitudine
1157 3460 1305 3523 tantum
1318 3451 1374 3522 ai·

298 3560 391 3658 giuti
401 3558 532 3658 pedum
539 3558 843 3657 patens.Praedam
851 3557 1096 3635 abundantem
1104 3577 1372 3641 contraxerant.

298 3676 413 3748 securi
434 3673 638 3774 agitabant,
660 3675 797 3748 nullam
819 3675 886 3750 sibi
906 3677 980 3749 vim
997 3704 1129 3753 nocere
1144 3705 1252 3778 pone
1267 3699 1372 3782 puta·

299 3788 401 3862 bant.
420 3790 608 3878 Attamen,
627 3806 670 3861 ut
682 3817 809 3889 agmen
829 3794 968 3893 regium
985 3795 1238 3894 approximare
1252 3795 1372 3870 audic-

299 3923 411 3998 runt,
428 3921 540 3980 noctu
557 3911 772 4007 quantocius
785 3909 967 3986 abierunt.
984 3912 1055 3985 ch
1075 3910 1207 3986 ardena
1224 3913 1372 3989 infestos

331 4176 371 4247 (a)
389 4175 470 4231 Cctte
488 4174 592 4231 hmine
608 4177 680 4234 dura
695 4182 766 4236 neus
782 4186 899 4250 annena,
925 4185 995 4240 mair
1015 4201 1058 4241 m
1077 4184 1245 4259 priuatim
1261 4202 1372 4259 mm

294 4272 397 4320 aaut
408 4260 465 4319 lieu
477 4280 513 4319 ea
530 4264 613 4338 1068,
631 4266 698 4344 ¹⁰⁶9
709 4280 738 4327 ct
756 4289 833 4345 ¹⁰7⁰·
