2768 5094
297 391 357 452 138
572 385 759 449 HISTORIA
777 383 1088 447 EchEstlstlca.
1191 384 1345 465 [w-ttttj

296 504 528 581 invisibiliter
548 529 736 606 percussus
742 535 754 594 3
776 506 886 581 tertio
903 519 1071 593 vexatus,
1089 502 1277 579 divinitus
1294 522 1347 579 ua

295 625 379 700 dem
408 623 580 725 impulsus
605 624 767 715 oorruit,
782 638 819 697 et
834 622 1017 722 sanguinis
1033 620 1238 723 coagulum
1255 620 1301 697 ab
1311 648 1347 697 ιιι

297 741 470 815 evomuit.
502 740 589 814 Post
614 740 757 813 missam
783 741 885 838 jussu
912 738 1094 839 sigemani
1122 736 1257 813 aeditui
1282 737 1348 815 fon

298 872 498 958 asportatus
534 873 610 951 est,
647 872 684 932 et
718 857 757 931 in
783 857 982 932 erastinum
1008 855 1155 931 meritis
1186 856 1229 931 8.
1250 855 1348 931 Judar'

295 1001 419 1049 sanam
438 990 596 1050 mentem
613 976 762 1076 recepit.
784 975 864 1051 llos
886 989 1051 1076 tempore
1066 974 1243 1075 Hugouia
1257 974 1349 1072 blasi

297 1091 463 1190 contigit.

345 1206 479 1281 Eadem
496 1207 554 1281 die
570 1206 783 1283 Ostrebildis
803 1205 934 1281 mulier
954 1204 1124 1307 quaedam
1137 1202 1276 1306 ,egredi
1294 1222 1350 1305 pat

297 1322 440 1396 missam
455 1322 500 1398 de
516 1322 661 1407 basilica
678 1320 895 1412 conabatur,
910 1320 973 1395 sed
989 1321 1038 1393 ita
1054 1321 1095 1395 in
1111 1317 1249 1395 limine
1258 1322 1352 1420 janua

296 1437 430 1537 pedum
441 1442 515 1539 ejus
528 1439 661 1540 plantae
674 1430 870 1528 haeserunt,
882 1426 1179 1511 utnullatenusa
1191 1460 1353 1539 quoqu

296 1555 418 1630 divelli
438 1573 576 1658 posset,
599 1573 635 1632 et
652 1558 706 1632 nil
723 1556 828 1646 mali,
848 1555 916 1630 nisi
933 1553 1069 1656 quoda
1086 1552 1251 1655 genibus
1268 1579 1354 1653 usqu

295 1672 456 1771 plantam
474 1675 572 1774 pedis
590 1675 744 1748 nimium
761 1674 875 1774 frigus
890 1669 1080 1747 sentiebat.
1099 1673 1145 1747 ln
1160 1672 1322 1746 murtiae
1332 1684 1376 1751 tt'!

296 1790 373 1863 Deo
385 1805 421 1863 et
431 1791 468 1863 S.
478 1789 616 1866 Judoco
627 1791 795 1864 ancillam
805 1789 965 1879 devovit,
977 1788 1176 1889 statimque
1187 1787 1357 1887 sanatapit
1373 1772 1377 1801 ¹

296 1920 381 1979 rota
398 1908 605 2007 complevit.
928 1964 934 1979 ,

347 2023 581 2099 Averacibus
604 2026 691 2098 airis
718 2023 906 2099 Adelelmo
929 2037 967 2097 et
989 2018 1165 2096 Rioberio
1196 2019 1360 2097 monaeba

296 2159 468 2215 narratur
488 2141 601 2243 quod,
626 2139 716 2213 dum
739 2168 759 2213 a
782 2137 967 2239 Stephano
986 2137 1155 2238 reliquie
1180 2136 1225 2213 8.
1249 2136 1361 2211 ludaei

297 2284 366 2360 pro
380 2259 650 2335 construetione
660 2254 817 2331 basilica,²
829 2254 874 2328 ad
886 2254 1147 2329 monasterium
1160 2254 1204 2328 S.
1216 2253 1363 2329 ltiebarii

297 2373 541 2461 deferrentur,
552 2373 687 2475 inclyta
695 2370 900 2447 bertsendis
904 2375 979 2471 jam
988 2368 1210 2445 naabilisfilia
1217 2369 1365 2447 alsindis

183 2552 192 2569 .
297 2493 462 2593 passione
476 2519 607 2565 renum
622 2518 734 2593 usque
744 2491 788 2564 ad
797 2491 903 2591 podes
915 2516 981 2590 per
996 2487 1191 2565 biennium
1202 2490 1365 2565 uimisest

298 2625 539 2710 praegravata,
566 2611 615 2682 ita
636 2624 679 2682 ut
701 2635 879 2711 nusquam
902 2609 975 2700 ire,
995 2633 1063 2684 neo
1085 2608 1201 2683 etiam
1226 2630 1366 2683 morae

300 2725 377 2799 sine
391 2724 512 2825 bajulo
527 2752 603 2801 sese
617 2742 749 2827 posset.
766 2727 854 2800 Fnsa
868 2750 956 2801 vero
967 2751 1073 2827 preoe
1088 2750 1173 2799 oum
1188 2722 1295 2801 fider
1307 2750 1367 2797 ma·

300 2857 357 2918 tre
378 2860 415 2918 et
437 2843 508 2918 lilia
524 2860 610 2920 ante
626 2844 794 2946 reliquias
810 2843 848 2917 S.
867 2842 1113 2929 confessoris,
1138 2868 1241 2945 tagra
1256 2859 1367 2919 samu

299 2977 371 3050 est,
389 2976 427 3036 et
442 2975 557 3036 mater
572 2962 647 3035 risa
663 2960 748 3034 filiae
767 2961 938 3061 sospitate
951 2958 1147 3037 admodum
1164 2961 1289 3063 gavisa
1299 2976 1367 3043 eat.

300 3093 338 3151 et
356 3078 505 3177 pallium
520 3081 718 3179 pretiosum
735 3078 848 3152 veloci
864 3078 1043 3151 archiatro
1059 3077 1188 3177 largita
1205 3094 1278 3155 eat.

351 3193 556 3271 Rodbertus
571 3193 731 3296 quidam,
749 3193 836 3270 dum
854 3195 1004 3270 meridie
1019 3196 1116 3272 solus
1130 3195 1203 3272 iter
1218 3194 1366 3279 faoeret,

301 3313 379 3390 viso
394 3313 525 3412 spiritu
542 3313 680 3388 erroris
695 3313 733 3387 in
748 3312 864 3412 specie
880 3311 1038 3387 bominis
1058 3312 1206 3412 penitm
1222 3326 1370 3389 emeatus

301 3448 368 3507 est.
387 3433 458 3526 Qui
475 3449 558 3533 post
574 3433 724 3536 longum
741 3447 882 3533 tempus
899 3431 935 3505 S.
950 3429 1130 3506 Judoeum
1141 3431 1320 3530 expetiit,
1337 3446 1370 3503 et

301 3578 339 3627 se
360 3577 482 3628 coram
495 3551 657 3626 Widone
677 3549 805 3625 abbate
827 3575 970 3626 servum
995 3546 1237 3640 contradidit3
1264 3550 1370 3624 inun-

303 3668 412 3743 dante
425 3667 472 3743 ab
489 3668 603 3743 oculis
618 3673 693 3768 ejus
710 3668 883 3769 sanguine
894 3668 974 3768 ipso
989 3666 1048 3742 die
1067 3665 1192 3740 lumen
1212 3666 1369 3767 nequit,

305 3800 342 3859 et
352 3786 396 3859 ad
407 3813 568 3887 vesperas
579 3784 775 3861 monachos
785 3786 823 3859 in
833 3785 985 3860 scamnis
994 3782 1192 3860 residentes
1202 3782 1372 3859 sevidiuae

306 3903 422 4005 palam
440 3906 601 3978 asseruit.

358 4020 503 4097 Gunzso
526 4022 768 4097 lothariensis
790 4021 978 4123 presbyter
1001 4047 1065 4122 per
1088 4044 1139 4091 vu
1161 4018 1240 4095 sere
1262 4044 1371 4094 annos

307 4140 383 4215 dira
407 4167 580 4216 manuum
604 4157 641 4215 et
670 4141 801 4241 pedum
830 4140 1038 4215 infirmitate
1061 4136 1274 4217 debilitatus
1300 4152 1368 4221 eati
