2768 5094
132 426 171 465 a.
196 406 286 482 ioco]
450 403 568 473 uam
588 403 767 466 rannus.
1105 406 1146 468 aa

132 550 220 625 rpem
248 525 455 625 lalgienaem
483 526 540 624 (r)
575 523 723 599 fortiter
750 525 928 613 munivit,
957 539 995 597 et
1017 539 1146 599 contra

132 666 206 715 cem
240 667 325 714 cum
353 641 602 717 Normanoioo
630 643 789 717 exercitu
821 638 1048 715 obsidentem
1075 639 1147 713 ali-

132 757 240 831 undiu
259 759 389 832 tenuit.
410 759 477 833 Sed
496 760 580 859 quia
598 759 806 834 mortalium
825 756 940 834 robur
955 756 1063 832 labile
1077 774 1144 846 eat,

132 875 272 976 ›itoque
288 900 354 949 ceu
369 872 436 948 ssoa
451 874 546 948 foeni
564 892 718 964 marcet,
744 873 916 975 prefatus
940 872 1045 948 bema
1066 887 1149 974 poet

132 1016 286 1064 numeras
301 989 519 1092 probitates,
540 990 627 1065 dum
645 991 689 1066 ad
712 993 832 1093 ignem
852 992 889 1064 in
908 990 1027 1066 bieme
1044 990 1148 1064 laetua

132 1111 236 1197 leret,
263 1113 526 1212 conjugemque
553 1138 652 1184 suam
679 1111 884 1186 Adelaidem
914 1112 1023 1212 (quae
1047 1108 1148 1183 ducis

132 1225 296 1303 aaobrina
310 1230 410 1326 emt)
423 1242 582 1328 quatuor
598 1228 688 1303 mala
705 1254 816 1302 manu
832 1245 970 1329 gestam
983 1224 1146 1313 videret,

132 1368 152 1416 o
168 1368 214 1415 ex
230 1343 299 1417 illis
317 1342 543 1418 familiariter
553 1343 712 1445 jocando
728 1345 760 1419 ei
778 1345 920 1446 rapuit,
935 1356 972 1418 et
987 1340 1150 1416 nesciens

132 1460 180 1535 od
199 1479 372 1536 venenata
395 1479 521 1552 erant,
547 1489 661 1541 uxore
682 1462 952 1538 contradicente
977 1456 1148 1539 comedit.

132 1579 151 1652 ii
165 1604 252 1653 mox
263 1605 404 1654 veneno
419 1580 573 1655 infectus
586 1596 653 1669 eet,
669 1597 705 1656 et
717 1596 800 1680 poet
812 1605 836 1652 v
847 1579 923 1655 dica
936 1604 1019 1652 cum
1032 1577 1152 1650 multo

132 1718 242 1769 crore
251 1720 400 1770 suorum
413 1713 498 1770 νιιιο
513 1695 591 1771 idus
603 1694 775 1770 februarii
785 1694 978 1770 defunctus
989 1709 1056 1768 eat.
1067 1692 1153 1786 Quo

132 1829 249 1901 imao,
281 1814 456 1889 Ernaldna
478 1815 662 1889 Willermi
688 1813 858 1890 Geroiani
887 1814 982 1888 filius
1004 1813 1042 1885 in
1068 1812 1151 1886 loco

132 1933 200 2004 trui
227 1933 280 2005 sui
305 1933 482 2021 surrexit,
509 1933 709 2033 oppidanos
737 1929 903 2032 precibus
930 1930 1151 2031 monitisque

132 2047 357 2139 rroboravit,
384 2050 540 2150 ducique
555 2049 710 2123 viriliter
732 2050 897 2122 resistere
916 2072 986 2146 pro
1000 2061 1151 2146 paterna

132 2164 291 2239 neditate
324 2167 526 2266 imperavit.
560 2165 673 2264 Cujus
705 2166 972 2240 animositatem
1004 2160 1153 2236 callidua

132 2311 153 2357 x
178 2281 319 2359 blandis
342 2281 545 2361 hortatibus
567 2284 717 2370 lenivit,
740 2308 937 2383 pacemque
955 2305 1076 2355 aecum
1095 2277 1154 2352 fa-

132 2424 164 2472 re
179 2425 261 2471 cum
277 2398 443 2497 pluribua
458 2400 643 2499 promissis
658 2400 847 2499 persuasit.
864 2398 913 2470 At
928 2396 988 2471 ille
1000 2392 1155 2470 consilio

151 2519 276 2591 amicis
301 2536 449 2618 accepto
471 2519 554 2591 duci
580 2519 788 2620 adquievit,
813 2518 920 2616 cique
944 2514 1155 2590 fidelitatem

132 2633 183 2721 it,
199 2651 236 2708 et
251 2634 298 2706 ab
314 2661 358 2710 eo
373 2634 670 2711 Monasteriolum
687 2652 724 2709 et
741 2633 961 2708 Eacalloium
979 2657 1020 2705 ac
1037 2631 1154 2704 Sanc-

132 2776 164 2824 m
180 2752 411 2840 serenicum,
434 2767 618 2854 totamque
632 2767 777 2853 patrum
794 2776 943 2824 suorum
963 2748 1155 2824 haeredita-

132 2896 159 2943 ιι
172 2871 321 2971 recepit.
337 2871 472 2945 Deinde
486 2869 691 2945 Rodbertus
705 2869 814 2945 abbat
828 2896 913 2970 pace
925 2868 1017 2942 facta
1031 2893 1050 2940 a
1063 2866 1154 2939 duce

132 2989 273 3089 {univit
295 3004 333 3061 ut
356 2988 523 3062 avunculi
548 2989 602 3063 aui
623 3013 775 3088 corpna,
800 2986 900 3087 quod
923 2985 1019 3086 apud
1044 2984 1156 3057 Sano-

132 3130 164 3176 m
181 3104 391 3177 serenicum
409 3102 525 3178 tribua
543 3105 751 3205 septimania
773 3103 961 3178 humatum
972 3105 1152 3201 jacuerat,

132 3223 232 3295 icum
255 3221 439 3296 transferri
457 3222 683 3297 concederet.
707 3224 756 3295 At
774 3222 835 3296 ille
858 3220 997 3295 hostilia
1013 3242 1156 3292 memor

134 3340 158 3412 ii
175 3338 296 3438 primo
307 3336 514 3439 denegavit,
533 3338 764 3439 postmodum
777 3335 989 3411 erubeacem
1002 3333 1101 3435 quod
1115 3332 1153 3405 io

132 3472 273 3532 >etnam
287 3457 442 3542 saeviret,
458 3457 646 3532 concernit.
664 3455 749 3530 Mox
768 3455 921 3555 impiger
932 3450 1042 3525 abbaa
1058 3449 1154 3525 ttod·

132 3575 180 3646 rti
202 3575 374 3647 Geraiani
398 3571 538 3671 glebam
564 3575 600 3646 in
625 3587 757 3646 trumo
780 3571 929 3647 Uticam
948 3569 1153 3657 transtulit,

132 3694 211 3790 ique
235 3691 271 3762 in
289 3689 446 3762 clanatro
470 3688 733 3764 monachorum
752 3686 953 3763 honorifice
976 3685 1152 3787 sepelivit.

132 3806 237 3890 iacti,
256 3806 317 3904 qui
336 3804 486 3877 aderant
501 3802 728 3878 mirabantur
744 3802 843 3905 quod
861 3802 984 3877 nullm
998 3801 1043 3876 de
1066 3827 1154 3875 cor·

132 3950 174 3998 re
195 3920 310 3995 tribua
323 3927 395 4022 jam
413 3923 620 4022 septimania
637 3924 791 3997 exanimi
811 3921 926 3997 l'oetor
943 3922 1152 3995 aentiretur.

135 4183 160 4247 ι)
169 4181 523 4248 &intemerate-nimie,
538 4193 565 4237 et
581 4182 615 4237 la
631 4182 726 4239 llocbe
736 4182 815 4255 d’lsso'
828 4186 891 4256 pria
903 4180 1029 4241 ΜΗ.
1183 4138 1189 4153 ³
