2768 5094
260 525 596 626 ORDERICI
630 525 919 629 vtTtLts

475 788 705 837 annulum

57 983 681 1113 ECCLESIASTICAE
726 985 1119 1120 HISTORIAE

308 1271 482 1356 mum
516 1263 806 1364 rannus(
834 1262 865 1363 t.

607 1493 610 1500 ι

538 1501 640 1511 —-

441 1665 735 1739 PROLOGUS.

60 1831 126 1926 :hu
151 1853 368 1927 laudandum
396 1858 602 1929 Creatorem
631 1857 665 1926 in
692 1856 830 1928 cunetis
854 1855 1023 1956 operibus
1048 1858 1120 1932 suis

61 1969 304 2045 indesinenter
325 1972 456 2043 instare
477 1968 666 2056 debemus,
691 1974 789 2069 cujus
813 1970 1030 2046 inettabitem
1052 2000 1122 2074 po-

62 2088 211 2158 tentiam
240 2102 276 2159 et
301 2086 585 2187 magnitudinem
610 2088 787 2159 discutere
811 2112 886 2160 non
910 2114 1120 2187 possumus,

60 2228 124 2273 nee
140 2203 330 2274 efficaciam
340 2257 351 2290 ,
371 2230 440 2303 qua
452 2199 652 2275 sublimitas
669 2204 742 2300 ejus
755 2218 791 2275 et
812 2201 1042 2303 infatigabilis
1057 2201 1121 2279 be-

59 2321 216 2419 nignitas
227 2348 245 2391 a
256 2320 361 2394 nobis
373 2320 530 2395 enarrari
543 2321 667 2419 possit,
683 2316 866 2393 hahemus.
882 2321 968 2394 Inde
981 2322 1124 2397 veteris

59 2455 91 2507 et
110 2437 203 2510 Nori
217 2438 435 2511 Testamenti
450 2439 576 2539 pagina
595 2453 739 2525 tractat,
756 2438 838 2511 inde
856 2441 974 2512 omnis
984 2441 1124 2541 sapiens

60 2570 307 2652 perscrutatur
323 2574 360 2628 et
381 2556 534 2655 eogitat3
554 2555 613 2628 sed
637 2557 911 2629 immensitatem
929 2556 1124 2656 prnsundi·

59 2686 172 2741 tatum
192 2670 254 2743 Dei
278 2699 385 2745 nemo
411 2688 587 2772 penetrat.
608 2672 762 2746 Scientia
786 2671 967 2746 charitatis
988 2673 1122 2748 Christi

58 2787 299 2887 supereminet
315 2789 415 2862 omni
434 2786 599 2861 hnmana}
617 2788 836 2888 prudentiae3
852 2817 959 2892 quam
974 2792 1122 2866 investi-

57 2934 140 2999 gare
153 2922 188 2976 et
204 2907 385 3005 ampiecti,
400 2922 549 3006 totoque
563 2909 642 2979 nisu
657 2910 754 3008 sequi
765 2912 904 3008 justum
918 2924 984 2994 est,
996 2926 1032 2981 et
1043 2909 1122 3008 ple·

58 3052 145 3095 rrum
160 3026 281 3096 saturis
296 3041 490 3124 perpetuam
510 3023 566 3097 Oh
580 3024 647 3095 hoe
658 3023 751 3096 beati
768 3024 948 3111 homines,
962 3051 1124 3125 qnorum

58 3142 132 3213 bns
144 3158 197 3212 est
212 3144 247 3212 in
261 3139 475 3212 authenticis
486 3140 682 3225 codicibus,
696 3157 732 3212 et
745 3144 867 3215 sociati
881 3141 1014 3241 angelis
1029 3169 1121 3243 gau-

56 3256 144 3331 dent
163 3260 200 3329 in
219 3255 446 3341 ereb-stibus,
467 3257 685 3354 contemptis
701 3258 917 3359 transitoriis
933 3255 1121 3330 inhiabant

57 3373 295 3475 perennibus,
317 3390 351 3446 et
374 3372 609 3448 abhorrentes
634 3370 785 3444 carnalia
807 3371 997 3445 salubriter
1018 3372 1121 3449 fruu-

57 3493 193 3565 bantnr
215 3489 470 3590 spiritualibus.
498 3493 564 3563 Per
583 3489 733 3561 arduum
752 3490 821 3562 iter
845 3491 1022 3563 virtutum
1037 3517 1119 3565 res·

90 3764 113 3813 ·ἰ
146 3760 341 3813 teutrannus·
354 3769 433 3813 entre
446 3760 480 3811 ier
495 3757 563 3809 dans
576 3757 600 3810 ia
614 3756 758 3811 drusii-nte
771 3757 881 3828 portion
893 3754 927 3809 de
943 3755 967 3809 ia
980 3754 1059 3808 tirhe
1071 3754 1121 3829 qui

60 3852 95 3905 bn
110 3861 182 3903 arsat
203 3862 248 3903 ete
266 3852 386 3922 imposte
409 3868 456 3921 par
472 3868 514 3899 «rs
533 3850 705 3920 supernum
725 3848 795 3900 aussi
809 3845 878 3899 dans
891 3845 915 3899 ie
929 3856 1001 3899 texte
1015 3842 1051 3897 de
1063 3843 1122 3898 Du·

60 3940 159 3992 eiusne
180 3939 265 3993 iit-nn
286 3959 320 3991 en
342 3940 397 3991 tete
416 3938 451 3992 de
471 3958 501 3991 ee
518 3938 585 3991 tim·
603 3937 629 3991 ie
650 3948 714 3992 nti-v
736 3961 740 3969 ·
765 3938 969 3991 h‘rclru‘nsticrr
990 3932 1120 3988 Παιονίαν

62 4050 124 4093 perii
145 4052 179 4081 m
188 4030 278 4089 undar,
292 4048 346 4101 qne
359 4047 428 4082 rinus
442 4030 554 4081 n‘ainns
568 4046 613 4098 pus
627 4045 675 4080 ern
689 4026 783 4079 deruit·
796 4025 958 4098 rependune
972 4025 1024 4083 ici.
1039 4042 1119 4098 parce

62 4144 96 4189 qn
108 4125 125 4173 d
142 4140 263 4192 marique·
277 4120 344 4174 datis
357 4119 382 4172 ie
396 4131 543 4174 maturuerit
559 4117 593 4171 de
605 4108 821 4172 saint-hurault.

133 4237 174 4283 n.
623 4282 640 4303 „
955 4232 965 4276 t

620 4306 627 4325 Ι
