2768 5094
44 398 158 475 [10⁶³]
437 390 553 461 unna
573 390 751 451 Tannus.
1074 396 1115 456 ss

46 510 321 591 trisiracundia
332 536 380 582 ea
385 509 525 611 johs
537 509 746 603 difinitione
756 510 924 607 mitigata
933 513 1114 611 quiescet,

47 645 85 700 et
102 652 171 728 ego
188 653 215 700 a
223 626 474 724 fluctumiom
492 621 680 714 liberatus,
703 622 784 696 Deo
797 624 1034 725 postmodum
1039 624 1117 726 sa-

47 743 186 816 malari
202 758 328 845 potem
350 766 511 814 secunts.
545 738 579 811 0
602 755 779 812 rectorum
801 739 982 813 Ecclesia
1002 758 1120 817 metor

49 878 85 935 et
100 878 254 961 patrum
268 875 392 962 pater,
409 860 476 959 qui
490 856 654 931 omnibus
672 856 850 930 tribulatis
866 858 921 931 ud
940 856 1119 960 refugium

49 981 266 1051 comtitutus
291 978 396 1062 estis;
414 1000 486 1074 per
513 971 657 1045 beatam
674 988 891 1072 potestatem
916 973 1063 1072 ligandi
1085 993 1119 1048 et

51 1093 215 1167 solvendi
221 1149 235 1181 ,
262 1118 373 1192 quam
397 1116 514 1191 supm
537 1114 661 1162 omnes
686 1092 884 1189 terrigenas
903 1093 1117 1192 possidetis,

53 1212 136 1284 lucc
152 1210 264 1284 verba
281 1236 363 1281 mea
380 1207 502 1281 cordis
518 1234 607 1279 aure
619 1212 816 1309 percipite,
839 1210 928 1281 etin
945 1228 1121 1310 quantum

54 1347 150 1402 recte
164 1345 297 1402 sonunt
308 1333 409 1426 agite
422 1324 522 1425 quod
529 1341 701 1426 poscunt.
716 1325 769 1397 Et
787 1341 828 1398 ut
842 1352 899 1398 me
913 1327 1125 1428 simpliciter

55 1446 158 1547 loqui
176 1447 352 1533 credatis,
371 1444 425 1518 ud
439 1445 679 1516 testimonium
695 1448 923 1519 conscientias
938 1473 1030 1520 mea
1046 1473 1126 1521 om-

56 1569 122 1637 nia
139 1567 310 1639 scientem
324 1563 446 1636 Deum
456 1559 630 1661 appello,
648 1562 714 1659 qui
728 1586 786 1633 me
800 1588 848 1633 cc
866 1564 974 1637 conia
989 1581 1024 1637 et
1042 1592 1121 1659 ore,

58 1707 142 1780 qua
167 1679 296 1780 loquor
319 1683 476 1750 intuetur
496 1672 673 1775 proferre.
705 1676 790 1749 Hoc
815 1678 963 1751 tandem
989 1682 1028 1752 in
1042 1680 1126 1781 fine

59 1794 268 1883 verborum,
281 1798 347 1897 pie
359 1793 523 1880 domine,
535 1818 673 1890 pronus
686 1808 721 1863 et
732 1792 891 1893 supplex
902 1821 1128 1898 summopere

60 1912 233 2016 deposco,
247 1928 285 1984 ut
296 1936 365 2012 per
376 1909 472 1981 luutc
483 1907 645 1981 currulem
658 1934 764 2007 quem
778 1907 883 1982 uobt's
894 1909 1013 2010 dirigo
1029 1911 1127 2010 lega-

62 2049 157 2116 tum,
174 2032 213 2102 in
228 2029 351 2102 litteris
365 2026 488 2127 sigillo
504 2041 622 2097 vestro
638 2028 794 2124 signatis
811 2028 900 2098 milii
913 2029 1129 2104 remandare

59 2164 217 2248 paterna
230 2148 367 2246 pietate
382 2146 529 2230 curetis,
550 2139 710 2241 qualiter
724 2141 803 2216 linc
819 2144 932 2216 veria
948 2171 1031 2218 mea
1044 2170 1130 2219 sen-

63 2264 138 2335 titis
152 2261 213 2333 vel
224 2262 402 2363 recipitis,
415 2275 450 2332 et
460 2258 553 2358 quid
563 2257 650 2331 inde
661 2276 810 2332 acturus
820 2264 922 2349 ests's,
936 2280 970 2333 et
982 2263 1132 2361 quanda

64 2396 98 2450 et
112 2377 198 2465 ubi,·
208 2378 379 2476 quatinus
392 2375 482 2447 dum
493 2390 626 2447 certum
638 2373 809 2448 dedentis
823 2401 1032 2477 responsum
1032 2377 1133 2478 fluo·

65 2497 224 2570 tuatiani
242 2520 354 2582 mea,
382 2492 437 2565 ad
454 2492 770 2566 clementissimum
793 2494 1057 2567 consolatorem
1077 2521 1135 2567 me

63 2613 254 2713 gaudeam
270 2611 509 2685 exclamasse.
532 2610 575 2680 V
570 2609 665 2682 alete
672 2665 686 2701 ,
704 2627 815 2711 pater
825 2611 1001 2710 gloriose,
1020 2629 1137 2686 rector

67 2728 390 2815 excellentissime,
416 2750 596 2799 summum
619 2729 657 2798 in
683 2744 778 2799 terra
800 2745 913 2828 caput
939 2728 1132 2801 Ecclesia.

71 2847 206 2920 l'aiete
229 2862 263 2919 et
285 2871 393 2946 supet·
408 2843 520 2918 ovilia
541 2842 728 2915 dominica
748 2845 912 2944 vigilate.
935 2846 1047 2944 Quod
1061 2848 1136 2918 uti-

68 2987 160 3037 nam
187 2967 241 3035 sic
268 2965 413 3061 agatis,
440 2975 481 3030 ut
506 2956 561 3029 acl
588 2959 753 3031 ultimum
776 2958 961 3057 judicium
989 2985 1136 3033 securus

69 3083 238 3152 vertiam.
261 3081 400 3151 Amen!

121 3193 221 3267 ilaue
232 3191 418 3292 epistolam
428 3190 641 3263 Wiilermus
654 3188 970 3289 presbyterSancti
984 3190 1138 3265 Andreae
1200 3258 1203 3265 .

69 3307 115 3381 de
133 3306 314 3382 Euoetsoio
330 3305 477 3393 detulit,
496 3307 692 3404 Ronsaeque
707 3303 911 3377 Alexandro
927 3331 1028 3403 pnpae
1044 3332 1140 3406 pru·-

71 3424 240 3498 scotavit.
257 3423 333 3516 Qua
351 3447 472 3496 nomm
492 3421 655 3495 Romano
668 3433 792 3492 senatu
810 3419 979 3517 perlecta,
997 3438 1034 3494 et
1051 3446 1140 3520 pra-

69 3539 173 3615 denti
200 3541 465 3614 examinatione
495 3535 687 3637 diligenter
714 3537 891 3624 discussa,
919 3539 1140 3613 venerandus

71 3684 162 3758 papa
195 3673 344 3758 rogante
370 3653 553 3730 Rodberto
582 3652 733 3740 abbate,
765 3656 828 3756 qui
858 3682 1013 3754 psaescns
1037 3673 1138 3744 ent,

70 3770 279 3847 Othonum
304 3771 479 3859 absolvit,
507 3787 544 3844 et
576 3770 735 3871 praeintae
764 3771 949 3870 legationis
979 3771 1139 3872 bajulum

73 3916 159 3963 cum
184 3886 437 3965 benedictione
456 3888 649 3988 apostolica
670 3889 883 3987 gaudentem
905 3890 949 3962 nd
970 3916 1054 3965 suos
1078 3919 1141 3965 rc-

77 4006 189 4078 mitit.
211 4003 412 4079 Radbertus
430 4005 526 4077 enim
539 4008 614 4102 jam
630 4002 674 4077 de
692 4001 807 4077 reditu
823 4006 858 4077 in
878 4005 1141 4080 Norsnnnniam

79 4139 231 4221 propter
258 4122 483 4197 ferocitatem
511 4121 691 4195 Wiilermi
728 4119 829 4193 ducis
856 4122 1006 4212 ‹tiffinn‚
1034 4140 1069 4194 ct
1104 4126 1141 4197 in
