2768 5094
289 367 330 428 so
567 364 753 428 unrorn
773 364 1078 427 nocturnum.
1158 372 1353 449 [roseros

288 485 457 587 petebat,
479 485 614 586 quippe
636 486 698 586 qui
722 484 868 561 Adalam
888 485 1060 560 Rodberti
1081 488 1180 588 regis
1204 492 1352 565 Fusco

287 631 372 676 rum
389 602 499 677 filium
516 603 555 676 in
572 603 780 703 conjugium
797 600 970 692 babebat,
988 629 1032 678 ex
1047 602 1353 705 qim-Radbertus
1382 665 1384 677 .

195 782 200 788 .
288 720 518 807 Fretionem,
541 720 703 819 reginam
725 719 952 821 Anglorum,
975 736 1012 796 et
1034 720 1213 799 Udonem
1232 725 1355 799 Treve-

289 839 450 914 rensium
477 836 771 936 metropolitam,
800 836 962 938 aliosque
989 864 1132 939 magnae
1161 839 1358 916 nobilitatis

289 955 386 1033 viros
405 971 577 1054 genuerat
595 954 669 1052 (ι).

297 1136 301 1145 .
339 1070 479 1145 Eodem
491 1098 587 1145 anno
599 1069 800 1144 Fridericus
814 1069 910 1143 filius
926 1069 1143 1149 Gothelonis
1156 1073 1289 1163 ducis,
1307 1078 1357 1176 qui

291 1205 328 1263 et
339 1186 540 1287 Stephanus
552 1214 643 1287 papa
653 1185 770 1267 dictus
783 1202 857 1276 est,
872 1186 984 1277 obiit,
1003 1190 1060 1262 cui
1077 1188 1269 1266 Gerardus
1278 1244 1292 1285 ,
1307 1195 1357 1293 qui

291 1321 328 1381 et
343 1305 533 1393 Nicolaus,
554 1305 733 1379 successit.
755 1306 822 1378 llic
841 1332 956 1380 armus
970 1324 1046 1380 erat
1065 1309 1199 1384 tertius
1221 1311 1359 1384 llenrici

291 1422 440 1553 quarti,
461 1420 527 1495 filii
556 1423 703 1495 llenrici
727 1421 916 1496 Conradi
908 1425 1133 1522 imperatoris
1160 1443 1200 1500 et
1221 1428 1361 1528 Agnetis

285 1537 553 1638 imperatricis,
580 1537 642 1670 qui
669 1549 833 1610 cxxxvn⁰
854 1536 937 1613 loco
959 1537 1006 1612 ab
1027 1539 1194 1641 Augusto
1218 1568 1361 1644 regmre

295 1657 433 1758 coepit,
452 1673 489 1729 et
505 1657 608 1730 annis
626 1656 887 1757 quinquaginta
905 1658 1135 1757 regnavit.

342 1770 452 1845 Anno
463 1769 770 1845 abincarnatione
780 1773 927 1845 Domini
943 1785 1078 1846 ιιωιιιιο
1091 1773 1359 1876 Nicolauspspt

292 1889 388 1967 obiit
410 1890 488 1988 (a);
517 1889 574 1961 cui
600 1887 800 1961 Alexander
816 1889 985 1964 Lucensis
1006 1890 1199 1990 episcopus
1223 1918 1360 1966 suosm-

293 2008 340 2081 sit
355 2009 427 2108 (3).
447 2009 532 2106 Quo
545 2024 706 2108 tempore
718 2005 908 2108 sigifridus
922 2009 1115 2106 Mogontia·
1127 2024 1166 2081 et
1181 2008 1361 2086 Guntetus

294 2124 538 2226 Babenbergae
546 2179 557 2213 ,
572 2124 704 2225 aliique
718 2124 948 2225 quamplures
967 2126 1127 2227 episcopi
1141 2127 1202 2202 vel
1226 2126 1360 2203 nobiles

294 2243 411 2319 multo
427 2243 601 2316 comitatu
618 2241 814 2315 Jerusalem
831 2258 1082 2340 perrexerunt.

343 2358 480 2433 Eodem
501 2376 662 2456 tempore
686 2359 780 2432 inter
797 2358 1032 2433 Willermum
1050 2359 1297 2439 Normaunioe
1308 2363 1362 2436 do

295 2502 374 2550 cem
391 2493 427 2550 et
444 2501 611 2577 proceres
628 2477 701 2574 ejus
719 2473 892 2549 dissentio
911 2477 1027 2575 gravis
1044 2493 1169 2552 exorta
1188 2495 1258 2553 est.
1279 2478 1361 2554 Nam

295 2592 490 2692 cupiditate
502 2590 647 2664 furente
662 2616 756 2664 unus
772 2591 884 2664 alium
899 2592 1128 2693 supplantare
1144 2593 1359 2677 conabatur,

288 2736 489 2812 gravesque
503 2710 694 2784 seditiones
706 2708 751 2782 ad
761 2708 977 2784 detrimenta
989 2711 1209 2785 miserorum
1220 2708 1363 2787 diversis

297 2839 340 2902 ex
362 2827 473 2901 causis
494 2826 705 2901 oriebantur
712 2855 723 2915 ;
746 2825 843 2900 unde
861 2827 1007 2927 quidam
1026 2825 1242 2916 crudelioris
1258 2829 1361 2903 animi

298 2945 534 3034 laetabantur,
556 2946 616 3019 alii
637 2947 779 3046 pietatis
800 2960 837 3018 et
857 2944 1043 3019 modestiae
1060 2961 1242 3021 amatores
1261 2948 1362 3023 nimis

334 3236 372 3306 (t)
384 3232 529 3290 bardonio
543 3233 585 3301 V,
597 3244 689 3289 comte
700 3233 737 3289 de
747 3233 886 3307 Flandre(
898 3235 1049 3312 1034-1067
1058 3240 1084 3308 J,
1098 3234 1320 3293 euronotus&
1331 3235 1361 3288 de

299 3323 418 3390 Franco,
431 3340 506 3378 soeur
519 3323 559 3377 du
571 3323 614 3378 roi
626 3323 730 3392 Henri,
745 3324 786 3379 six
797 3324 919 3394 eufron,
933 3326 1021 3380 savoir
1032 3349 1036 3379 :
1053 3323 1199 3380 Baudooin
1213 3325 1259 3381 vl
1269 3335 1301 3380 et
1312 3323 1361 3379 llo

297 3414 362 3471 bert
371 3431 414 3470 ses
422 3431 606 3482 succensum,
619 3413 1083 3491 Eudes,archev&1uedeTreves,
1097 3416 1206 3489 ilenti,
1218 3413 1360 3477 statutus,

298 3505 401 3561 lemme
418 3503 454 3559 de
472 3503 885 3580 Guillaumeleconqueraut,
908 3517 938 3563 et
954 3506 1070 3574 Juditb,
1086 3506 1190 3563 marie
1201 3506 1361 3564 nmine

300 3603 379 3649 ment
390 3595 406 3648 a
418 3592 517 3660 Tosti,
532 3593 606 3649 frere
618 3592 654 3647 de
666 3592 788 3662 Harold,
803 3605 831 3650 et
843 3599 859 3650 l
871 3595 1009 3671 Welphe,
1021 3594 1078 3651 duc
1092 3594 1128 3652 de
1142 3596 1269 3654 Βινίὲη.

335 3686 375 3754 (a)
387 3671 504 3738 Euenor
519 3682 573 3749 lX,
590 3682 636 3738 elu
648 3701 718 3756 pape
731 3683 783 3738 lea
797 3685 864 3741 rosit
881 3685 963 3763 1057,
979 3697 1094 3742 mourut
1112 3684 1138 3741 le
1151 3702 1187 3760 29
1199 3704 1276 3743 tuan
1291 3682 1359 3740 ro58.

301 3772 412 3827 nicolas
425 3773 452 3826 11
465 3773 509 3826 lut
521 3772 566 3826 elu
576 3772 602 3827 le
616 3771 650 3828 28
663 3771 811 3829 decembre
827 3773 903 3833 1058.

336 3857 376 3933 (3)
395 3860 505 3915 Nicolas
519 3861 547 3914 ll
561 3871 676 3916 mourut
688 3861 715 3916 le
734 3880 763 3917 at
779 3882 816 3918 ou
829 3883 862 3919 ar
874 3864 967 3936 juillet
982 3865 1063 3932 1061,
1077 3876 1105 3920 et
1118 3862 1162 3921 lut
1175 3861 1360 3939 templace‚le

301 3946 336 4005 3⁰
343 3948 500 4021 septembre
507 3950 624 4016 suivant,
633 3967 683 4022 par·
690 3952 845 4010 Alexandro
854 3954 890 4022 ll,
900 3964 1068 4028 repararent
1075 3953 1178 4028 estque
1186 3951 1222 4008 de
1232 3953 1359 4026 boelus·

336 4039 389 4094 Ces
411 4039 484 4094 deur
498 4041 683 4130 paragraphes
696 4055 745 4098 out
759 4048 803 4101 ete
823 4044 966 4101 intercales
979 4048 1058 4119 apres
1071 4063 1143 4117 coup
1163 4062 1199 4099 en
1218 4061 1313 4117 merge
1325 4040 1359 4094 du

303 4133 454 4187 uranuscrit
467 4131 502 4186 de
515 4132 729 4191 saint-Erroult.
