2768 5094
158 373 218 433 122
427 372 612 434 HISTORIA
634 373 942 435 Ecctmlastlca.
1127 379 1222 458 [lm]

154 489 276 589 plures
305 485 453 561 militari
481 506 669 565 stemmate
697 491 859 581 feroces,
893 517 1080 592 sensuque
1120 496 1221 594 sagati

153 605 377 705 consilioque
394 621 581 705 potentes,
601 610 665 708 qui
678 610 844 683 Romano
856 609 997 683 senatui
1012 609 1159 685 virtute
1172 636 1223 685 sm

152 722 360 796 maturitate
373 748 449 796 non
462 722 643 814 cederent,
662 723 724 799 sed
740 725 785 798 ad
801 723 964 799 lahorem
980 724 1222 814 tolerandum,

153 835 366 940 hostemque
385 855 459 914 tam
477 841 624 941 ingenio
636 868 747 943 quam
762 841 979 917 fortitudine
990 842 1222 933 vincendum,

153 959 367 1060 aequiparari
389 959 589 1034 studerent.
685 1020 688 1025 .

203 1076 336 1150 Omnes
355 1075 392 1150 hi
409 1076 453 1150 ad
468 1103 663 1153 commuue
677 1076 867 1153 decretum
878 1084 982 1176 jussu
997 1077 1108 1173 ducis
1132 1077 1226 1151 anniti

153 1210 258 1284 sunt,
277 1212 314 1270 et
328 1194 447 1268 audita
471 1222 511 1270 re
535 1211 609 1269 tam
627 1195 776 1297 grandi,
795 1210 923 1296 utpote
939 1193 1078 1269 diversi
1098 1194 1227 1269 diana

154 1329 357 1387 senserunt.
374 1313 621 1388 Animosiores
643 1315 775 1415 cupido
798 1314 881 1389 duci
897 1313 1021 1388 favae
1046 1314 1225 1403 volentes,

154 1430 199 1503 ad
222 1446 402 1505 certamen
431 1432 484 1506 ire
509 1432 625 1506 socios
641 1432 862 1522 incitabant,
882 1448 1109 1535 tantumque
1125 1458 1229 1534 nogo-

155 1548 248 1620 tium
264 1550 342 1623 sine
359 1575 461 1623 mora
480 1549 640 1648 incipere
654 1547 860 1624 laudabant.
875 1549 949 1623 Atii
964 1575 1058 1624 vero
1075 1548 1228 1625 laborio-

154 1691 235 1737 sum
257 1691 348 1765 opus
373 1666 467 1740 inire
484 1664 757 1757 dissuadebant,
776 1667 1007 1766 nimiumque
1027 1667 1131 1739 ausis
1146 1682 1184 1741 et
1196 1666 1228 1738 io

153 1808 281 1856 necem
304 1783 553 1883 praecipitibus
582 1783 695 1857 multa
725 1784 932 1884 importuna
960 1797 999 1856 et
1022 1782 1230 1857 discrimine

153 1898 259 1997 plena
284 1898 579 2000 praetendebant,
600 1902 762 2001 'pericula
789 1902 899 1974 maris
926 1915 965 1975 et
983 1898 1229 1975 difficultatem

155 2017 273 2092 classis
307 2017 562 2120 opponebant,
599 2020 973 2120 Normannorumque
1011 2020 1230 2119 paucitatem

153 2160 230 2208 non
241 2160 344 2233 posse
352 2137 497 2210 vincere
507 2136 712 2238 Anglorum
725 2134 1000 2210 multitudinem
1009 2133 1229 2209 asserebant.

156 2251 318 2327 Tandem
328 2253 573 2328 Gislebertum
586 2254 844 2328 lexoviensem
853 2252 1170 2327 Archidiaoonum
1179 2251 1231 2351 (1)

156 2367 310 2441 Romam
325 2371 444 2457 misit,
464 2385 501 2443 et
513 2368 622 2444 dehis
636 2397 718 2471 quae
732 2370 949 2460 acciderant,
963 2368 1010 2444 ab
1024 2367 1232 2446 Alexandra

155 2483 247 2581 Papa
262 2485 454 2557 consilium
465 2486 666 2583 requisivit.
679 2488 772 2586 Papa
782 2511 870 2561 vero
885 2484 1017 2559 auditis
1027 2484 1233 2587 rebusque

156 2598 404 2698 contigerant,
428 2600 592 2701 legitimo
614 2602 697 2676 duci
722 2601 831 2693 favit,
851 2600 1021 2677 audacter
1049 2628 1155 2675 arma
1176 2626 1234 2675 su·

157 2886 197 2941 du
206 2898 299 2943 comte
308 2876 460 2956 d’r'lrreun
474 2889 637 2946 Guillaume
649 2891 865 2961 rin-osberne,
877 2890 973 2946 cousin
986 2891 1045 2946 isan
1057 2889 1096 2946 de
1108 2891 1233 2967 gamain

158 2978 197 3033 dn
211 2979 281 3046 duc,
294 2980 457 3036 Gusslaume
470 2982 505 3035 1²¹
518 2981 554 3038 de
567 2983 712 3052 Varenne,
727 2983 808 3039 oncle
820 2985 835 3036 ὲ
848 2982 875 3037 la
894 2981 976 3038 mode
992 2980 1029 3037 de
1042 2981 1184 3057 Boeta'gne
1194 2979 1233 3035 da

158 3067 228 3135 duc,
239 3071 355 3143 llugues
366 3069 393 3125 le
403 3071 569 3139 Bouteilter3
579 3074 696 3146 Hugnea
708 3073 743 3129 de
753 3072 978 3138 Grentemesnil3
992 3070 1137 3145 Rogerde
1145 3072 1235 3129 tamt·

157 3157 218 3213 brai
228 3159 303 3232 (pres
312 3158 488 3230 Contauces),
500 3159 573 3215 frere
583 3160 618 3215 de
627 3161 750 3235 Fereque
759 3161 885 3217 Geoffioi
895 3183 903 3228 ;
912 3160 1008 3232 Roger
1016 3157 1054 3214 de
1063 3160 1232 3227 Beaumoot,

158 3250 255 3303 cousin
265 3249 322 3303 issu
334 3247 369 3304 de
384 3250 508 3322 germain
520 3248 624 3306 duduc
636 3249 756 3318 Robert;
767 3250 863 3324 Roger
871 3248 907 3303 de
916 3248 1156 3322 Montgommeri,
1166 3246 1233 3305 dont

158 3336 185 3392 le
204 3341 270 3411 pere
288 3339 357 3393 etait
373 3340 470 3394 cousin
485 3340 541 3394 issu
558 3339 594 3395 de
609 3342 733 3413 germain
756 3338 795 3394 du
814 3337 870 3394 duc
889 3337 1013 3404 lichen,
1032 3335 1183 3393 Bandouin
1200 3334 1233 3391 ἁ

158 3428 265 3484 Meulea
286 3439 315 3484 et
333 3427 459 3485 Richard
478 3429 515 3485 de
534 3430 682 3498 Bieuiaite,
705 3429 815 3485 consina
835 3429 906 3484 issue
922 3427 959 3482 de
976 3428 1105 3501 germain
1123 3426 1167 3483 du
1180 3425 1233 3482 dne

159 3517 331 3575 Guitiaume.

195 3607 235 3678 (t)
253 3607 332 3664 Nous
346 3623 465 3681 pensons
477 3626 532 3682 que
544 3605 638 3663 c‘enit
648 3607 792 3663 Gislebert
803 3606 957 3671 Maminot,
973 3603 1015 3659 fita
1024 3603 1060 3659 de
1076 3601 1234 3660 Rodien&

158 3696 340 3771 Courbepine
351 3700 431 3773 (peda
444 3699 573 3770 Bernai),
590 3708 620 3753 et
634 3700 683 3773 qui
696 3698 741 3753 fut
759 3697 864 3771 oreque
876 3695 912 3751 de
930 3693 1041 3750 Liaieux
1052 3711 1090 3749 en
1107 3710 1193 3770 ¹⁰77³
1204 3708 1236 3747 ω

161 3805 333 3861 personnage
339 3789 467 3860 jouissait
480 3788 515 3843 de
528 3798 607 3843 toute
620 3787 646 3843 la
658 3788 799 3844 contianoe
811 3787 846 3842 de
859 3785 1037 3852 Guillaume,
1050 3782 1125 3839 dont
1136 3782 1158 3838 it
1169 3782 1237 3838 &tait

160 3877 215 3933 ila
228 3878 280 3932 iois
293 3877 319 3932 le
332 3879 477 3952 chapclain
489 3891 518 3935 ct
529 3879 555 3934 le
565 3879 700 3934 medecin.
714 3880 788 3935 C‘est
802 3875 1012 3951 probablement
1022 3876 1039 3928 a
1051 3870 1236 3947 partirdeiai

162 3986 217 4042 que
227 3966 266 4023 les
278 3969 396 4043 murres
408 3969 444 4025 de
454 3972 563 4025 Lisicux
576 3982 625 4026 ont
632 3971 694 4043 joui
703 3968 953 4026 hereditairement
964 3965 999 4023 de
1007 3965 1034 4020 la
1045 3964 1155 4040 quatiet
1163 3962 1236 4019 d'an·

164 4058 286 4114 monier·
298 4057 347 4113 dos
360 4058 429 4116 dues
442 4060 477 4117 de
491 4060 676 4131 Normandie,
690 4073 720 4121 et
732 4061 767 4119 de
779 4060 957 4134 l‘exemption
971 4058 1144 4131 importante
1155 4055 1206 4133 qai
1220 4072 1236 4125 ,t

165 4150 233 4207 etait
245 4151 379 4207 attachc'e.
