2768 5094
154 90 180 149 b

150 282 174 331 s

140 393 210 472 iso]
476 390 592 453 unua
613 390 791 452 renisus.
1134 401 1172 459 u

140 510 379 600 chidiaoono,
400 511 548 612 aliisque
565 512 703 587 clericis
721 513 813 600 suis,
828 513 973 586 Uticum
993 519 1173 614 penexit‚

156 625 402 703 venerabilem
416 627 655 708 Teodericum
673 624 898 703 coenobitam
914 655 1035 703 seeum
1051 631 1174 723 duxit,

140 771 262 847 unque
281 743 331 819 ibi
351 762 408 819 ιιιο
430 772 544 820 nonas
560 743 722 820 octobris
741 743 800 820 die
817 748 1011 823 Dominioo
1029 775 1177 824 venem-

140 864 233 940 liter
243 865 478 940 consecravit.
495 863 689 938 Ordinatus
700 879 822 939 autem
833 890 909 940 non
923 867 960 939 io
974 866 1178 967 superbiam

140 997 223 1055 atus
235 996 304 1069 est,
319 981 380 1055 sed
392 982 577 1082 religionis
591 983 685 1053 viam
696 981 814 1056 verbis
830 999 867 1056 et
881 982 1053 1082 operibus
1065 1000 1181 1059 osten·

140 1094 219 1172 ebat
235 1098 305 1187 bis,
319 1099 452 1199 quibus
469 1099 638 1199 praelatus
653 1115 717 1172 est.
733 1100 800 1172 llic
815 1102 992 1174 nimirum
1006 1101 1053 1173 ab
1066 1102 1182 1176 inlan-

140 1246 161 1291 a
179 1218 218 1292 in
232 1216 345 1292 domo
358 1218 506 1292 Domini
523 1219 686 1292 nutritus
703 1217 841 1309 suerat,
856 1218 1072 1321 diutinoque
1088 1220 1185 1297 sedi-

140 1335 212 1408 tine
240 1333 441 1434 religiosam
468 1335 578 1406 vitam
599 1336 736 1435 jugiter
761 1333 891 1409 ducere
923 1334 1109 1411 didicerat.
1142 1340 1185 1411 ln

140 1452 247 1524 metis
273 1450 500 1526 orationibus
528 1467 637 1551 atque
669 1451 800 1550 uigiliis
830 1478 974 1526 necnon
1005 1455 1042 1526 iu
1070 1451 1187 1526 absti-

140 1571 240 1643 entia
253 1568 412 1642 assiduus
428 1584 517 1644 erat.
538 1567 750 1669 Frigoribus
767 1570 873 1643 etiam
888 1570 927 1641 in
941 1586 1084 1644 tantum
1101 1597 1189 1645 eor·-

140 1711 184 1758 os
204 1685 396 1785 proprium
413 1684 612 1787 affligebat,
629 1700 672 1757 ut
688 1711 753 1784 per
766 1701 880 1760 totam
897 1686 1091 1788 aliquando
1109 1686 1190 1761 bie-

140 1828 215 1877 rem
243 1803 320 1876 siue
347 1801 488 1902 pellicia
516 1819 759 1903 permaneret.
792 1802 954 1896 Quadam
985 1806 1106 1905 itaque
1132 1802 1191 1877 die

141 1945 206 1992 um
236 1918 435 1993 secundum
463 1945 605 1994 morem
633 1936 848 1994 consuetum
877 1920 945 1992 sibi
977 1921 1193 1994 sacrificium

140 2038 198 2109 leo
217 2036 350 2110 offerre
370 2035 563 2124 voluisset,
584 2034 765 2134 pelliciam
787 2036 872 2108 miri
898 2036 1064 2111 candoris
1087 2061 1195 2136 super

141 2155 233 2226 ltare
248 2154 401 2254 positam
417 2153 568 2226 invenit.
585 2153 701 2245 Quam
714 2177 790 2226 non
806 2150 973 2225 manibus
986 2151 1192 2242 bominum,

140 2269 182 2345 ed
202 2271 415 2371 angelorum
438 2270 511 2342 illic
530 2297 608 2344 eam
628 2296 701 2344 esse
723 2271 878 2369 positam
902 2295 978 2343 non
999 2269 1194 2359 dubitans,

140 2390 203 2463 leo
216 2389 347 2489 gratias
359 2389 452 2489 egit,
467 2405 505 2462 et
519 2387 667 2461 indutus
679 2414 757 2460 eam
772 2387 997 2489 gratulanter
1009 2390 1198 2464 seminam

140 2507 290 2580 livinum
305 2507 458 2607 peregit.
479 2508 557 2580 lloc
575 2505 624 2577 ita
643 2520 783 2603 gestum
805 2503 914 2579 suisse
938 2507 975 2578 in
995 2506 1201 2580 Gemmeti·

140 2627 222 2701 ensi
241 2623 407 2713 ecelesia,
427 2622 516 2696 dum
531 2621 648 2695 adhue
664 2621 861 2695 claustralis
879 2638 967 2695 esset
984 2622 1198 2712 monachus,

140 2779 143 2812 ι
160 2739 351 2816 monacbis
369 2738 568 2828 veracibus,
586 2740 648 2840 qui
669 2755 757 2811 tunc
775 2739 812 2810 in
829 2738 1037 2838 supradicto
1054 2765 1202 2814 monas-

140 2860 225 2933 erio
242 2857 494 2945 morabantur,
513 2856 728 2929 audivimus.
749 2856 855 2928 Hune
871 2855 1086 2929 venerabilis
1103 2858 1202 2930 Teo-

140 2974 295 3062 lerieus,
325 2973 621 3048 Gemmeticensis
653 2971 761 3045 abbas
788 2973 863 3070 (1),
894 2972 939 3046 de
967 2999 1069 3047 sacro
1098 2972 1202 3047 sonte

140 3106 330 3180 tererent,
348 3108 385 3164 et
398 3090 466 3163 sub
483 3088 677 3165 monachili
692 3093 779 3191 jugo
793 3089 831 3162 iu
843 3089 964 3165 schola
975 3090 1108 3165 Christi
1121 3090 1205 3166 edu·

140 3227 253 3283 :atum
270 3208 429 3283 multum
448 3206 634 3281 dilexerat.
654 3207 791 3299 Quem,
809 3206 897 3280 dum
918 3206 1010 3281 idem
1027 3208 1070 3280 ad
1089 3206 1205 3282 robur

140 3327 237 3401 uirile
259 3328 432 3413 venisset,
454 3323 632 3426 bonisque
656 3323 820 3399 moribus
842 3325 1070 3399 laudabiliter
1092 3326 1205 3424 polle-

140 3461 208 3535 mt,
229 3445 405 3517 uicarium
426 3445 479 3516 sui
496 3442 539 3517 ad
552 3445 756 3516 animarum
771 3443 869 3515 luera
884 3442 1056 3515 fratribus
1072 3445 1206 3516 consti·

140 3755 220 3812 ¹⁰57·
234 3735 304 3789 e'tait
319 3733 360 3788 lile
370 3732 405 3786 de
417 3732 596 3797 cailtanum,
611 3741 702 3785 comte
714 3730 785 3784 d'l’u
798 3742 825 3785 et
839 3730 874 3785 de
885 3729 1037 3796 lacellos,
1053 3728 1207 3785 fundatrice

140 3827 171 3880 ln
184 3835 307 3881 movent
328 3823 364 3877 tle
384 3822 724 3879 satureiam-meniu.
738 3822 825 3876 boue
842 3832 942 3875 auteur
953 3821 1024 3875 ecrit
1037 3818 1206 3875 inuisiorem·

140 3930 213 3973 nent
227 3918 411 3972 nemnem
425 3926 452 3969 ct
467 3916 668 3978 boemiensis,
684 3930 791 3968 comme
809 3913 964 3968 tt'e'ltetmm
978 3923 1005 3965 et
1023 3909 1193 3967 Willermus.

171 4014 180 4054 f
187 4014 211 4074 a}
229 4007 362 4072 Tbierri,
382 4007 533 4079 originum
552 4007 587 4060 de
610 4005 692 4077 llijoo
705 4015 734 4059 at
745 4003 861 4077 disciple-
872 4003 910 4058 ‹lu
929 4002 1118 4058 bienlieureox
1128 4001 1210 4056 Guil·
1223 3950 1369 4182 Af?

140 4096 292 4159 tumtur
305 4093 376 4147 abbe
387 4091 422 4145 de
436 4094 577 4162 lomilges
590 4092 688 4165 depuis
702 4096 766 4156 roal
777 4093 884 4164 juups'a
898 4090 921 4144 la
937 4092 973 4144 lin
987 4090 1021 4143 ‹te
1041 4108 1160 4163 rm5‚0u
1174 4107 1209 4141 au

140 4192 381 4240 namt
392 4182 428 4235 da
446 4182 520 4235 1028.
1248 4176 1276 4242 t,
1308 4242 1364 4332 ‘Q
