2768 5094
140 418 237 494 ausa]
405 414 525 477 arasa
547 414 726 478 rannus.
1060 419 1100 479 sa

140 534 202 605 siae
220 529 377 605 libenter
392 533 637 631 praesentarit.
652 531 739 605 Inde
757 529 974 607 Teodeticus
991 530 1101 607 abbas

140 652 192 722 tus
208 664 245 721 et
269 649 381 722 aristis
397 648 545 723 effectus
560 665 634 738 esu
655 650 760 723 taetas
776 674 845 749 pro
862 666 960 722 unu
977 651 1101 724 senio-

140 768 311 857 aotioue,
326 794 397 867 qua
414 766 592 861 fervebat,
607 783 645 841 et
657 792 739 868 quae
756 793 841 843 cum
858 782 931 841 tam
947 764 1102 843 laborio-

140 884 206 960 iter
226 887 385 984 arripere
407 884 599 976 monebat;
623 887 735 960 tristis
756 912 825 986 pm
846 910 979 985 magno
1002 884 1102 961 solu·

140 1056 152 1090 ,
178 1002 278 1103 quod
307 1005 343 1075 in
369 1001 521 1103 praefato
547 1003 688 1077 seniore
713 1000 923 1090 amittebat,
949 1003 1034 1103 quia
1058 1002 1103 1075 ad

140 1148 145 1191 ε
166 1144 258 1218 opus
279 1117 418 1195 bonum
443 1136 633 1219 promptus
653 1118 840 1195 existebat.
865 1120 1031 1222 Denique
1046 1121 1105 1192 vir

140 1251 162 1309 it
184 1234 378 1311 Rotbertus
403 1238 526 1337 prior,
556 1252 725 1339 totusque
750 1253 972 1324 conventus,
998 1237 1105 1310 dom-

140 1351 373 1427 Wiilermum
398 1354 475 1427 Deo
497 1355 859 1442 commendaverunt,
878 1356 984 1456 eique
1001 1352 1105 1427 Gun-

140 1493 172 1541 m
189 1468 446 1568 peritissimum
468 1468 704 1558 monachum,
723 1484 761 1545 et
781 1472 977 1570 Rogerium
994 1468 1105 1543 Gem-

140 1612 268 1661 aeusem
285 1586 467 1685 egregium
483 1588 718 1687 scriptorem,
737 1586 898 1688 aliosque
912 1585 1105 1661 duodecim

141 1698 268 1775 nbiles
277 1700 430 1775 famulos
439 1702 790 1777 associaveruntJfle
798 1718 919 1777 autem
927 1718 1106 1775 transcen·

140 1813 266 1915 alpibus
292 1818 442 1889 Romam
468 1819 595 1916 petiit3
624 1834 661 1891 ct
690 1817 773 1893 inde
802 1819 870 1893 iter
893 1842 1042 1917 carpens
1067 1818 1107 1890 in

140 1931 169 2005 ia
190 1930 305 2004 filium
317 1986 328 2019 ‚
350 1934 509 2034 aliosque
530 1934 662 2009 amicos
680 1949 717 2008 ct
737 1934 857 2007 affines
878 1959 919 2005 ac
940 1948 1106 2031 parentes

140 2049 193 2119 ait.
211 2047 281 2140 Qui
307 2049 384 2121 riso
405 2074 449 2122 eo
465 2047 567 2123 ualde
583 2050 691 2149 gavisi
715 2064 822 2134 sunt,
845 2074 1000 2148 eumque
1021 2073 1106 2121 cum

140 2190 174 2239 ao
201 2164 340 2238 lionore
367 2165 490 2265 aliquo
518 2180 680 2265 tempore
705 2190 825 2239 secum
853 2164 1104 2249 retinuerunt,

140 2282 206 2355 ead
224 2284 523 2357 sustentationem
544 2283 723 2373 ecclesiae,
741 2308 811 2384 pro
834 2309 905 2383 qua
927 2279 1105 2355 mendica·

142 2400 253 2473 multa
267 2417 303 2473 et
320 2426 444 2499 magna
462 2426 611 2473 munera
627 2396 816 2473 dederuut.
838 2401 915 2498 ipse
927 2422 1015 2471 vero
1027 2422 1108 2497 ege-

140 2514 291 2588 ratribus
307 2518 379 2589 suis
399 2517 611 2591 festinanter
627 2516 818 2591 subvenire
836 2516 982 2599 rolens,
1005 2512 1110 2587 Gun-

141 2662 178 2709 m
209 2635 427 2709 monachum
456 2662 539 2709 cum
567 2661 698 2735 magno
727 2660 835 2709 censu
862 2634 1001 2708 remisit
1015 2660 1026 2717 ;
1050 2632 1111 2705 sed

140 2752 187 2827 lto
215 2755 281 2827 Dei
304 2753 443 2851 judicio
472 2752 576 2827 aliter
601 2778 710 2854 qaasm
739 2750 949 2852 sperabatur
976 2749 1108 2823 evcnit.

150 2869 352 2943 Gunfrialus
373 2872 523 2943 Romam
544 2870 660 2958 venit,
686 2865 810 2968 ibique
832 2870 869 2940 iu
891 2866 1112 2940 monasterio

140 2988 199 3060 ιιιΙί
218 2987 370 3086 apostoli
390 2987 547 3061 hiemare
562 2989 733 3060 decrevit.
752 2987 784 3059 A
805 2985 975 3059 Romanis
990 2998 1112 3057 autem

140 3100 700 3204 upiditateauri,qu0dse1ebat‚
715 3128 855 3177 veneno
871 3098 1024 3173 infectus
1035 3114 1111 3185 est3

140 3248 166 3293 ae
191 3220 403 3293 sonorabilis
427 3222 639 3321 peregrinus
667 3223 704 3293 in
730 3218 956 3294 consessione
979 3214 1113 3289 Christi

140 3334 336 3409 decembris
350 3338 543 3411 defamatus
559 3354 625 3409 est.
643 3337 856 3411 wiliermus
871 3360 1019 3436 quoque
1038 3358 1113 3405 nou

140 3469 262 3554 apost
287 3456 354 3527 iter
373 3455 545 3529 redeundi
564 3480 647 3527 cum
672 3454 808 3553 ingenti
834 3453 985 3552 pecuina
1010 3450 1111 3533 iniit;

140 3568 172 3643 ai
196 3571 344 3655 urbem,
369 3597 452 3670 qum
473 3598 492 3643 a
513 3572 631 3643 Caieta
654 3570 797 3643 nutrice
818 3567 966 3667 Trojaai
990 3566 1115 3639 AEnesc

140 3699 195 3757 tur
206 3694 217 3777 ζ
228 3687 282 3782 ι),
298 3686 445 3758 seruiens
460 3684 662 3759 lethiferam
675 3683 929 3787 aegritudinem
942 3681 1111 3756 incurrit.

140 3829 152 3871 ,τ
166 3802 256 3875 aluos
281 3802 434 3894 milites,
459 3802 721 3877 Anscbetillum
740 3802 786 3877 de
806 3801 942 3876 Noerio
959 3799 1114 3875 Asceiiui

140 3946 182 3997 n.
204 3934 237 3987 et
257 3918 494 3991 Teoieiinum
512 3919 556 3992 de
568 3920 719 3993 Tanusia
744 3921 787 3992 ad
814 3919 1024 4001 sevocavit,
1046 3918 1112 3987 eis·

757 4096 791 4105 -0-
801 4094 906 4107 -u--Q

145 4178 218 4230 istut·
