2768 5094
480 416 598 480 menn
619 417 803 495 anianus.
1125 416 1185 482 aar

140 584 196 631 am
207 559 223 657 (
231 560 264 656 s)
275 556 460 632 Gnillelmi
473 556 807 631 deGrentemaisnil
822 557 989 630 avunculi
1003 556 1070 644 sui,
1089 556 1185 658 Apu·

141 702 202 749 am
218 676 337 775 petiit.
354 671 540 748 Mathildis
554 691 674 748 autem
692 689 807 747 mater
823 699 964 760 eorum,
982 688 1063 773 post
1084 699 1188 747 mor-

140 816 191 864 em
206 790 328 863 mariti
342 790 417 880 sni,
431 789 624 891 quemdam
638 790 794 863 tironem
806 788 1023 878 exulantem,
1038 789 1188 864 nomine

140 906 369 996 lathiellum,
388 906 583 996 adamavit,
603 933 685 980 cum
698 932 793 1008 quo,
812 905 946 981 relictis
965 907 1002 980 in
1021 906 1188 981 Neustria

140 1023 279 1123 agnatis
306 1037 343 1096 et
368 1024 515 1115 amicis,
544 1023 614 1097 iter
637 1022 982 1124 ierosolymitanam
1009 1023 1185 1123 arripnit,

140 1138 315 1241 mbosque
329 1139 429 1214 arida
447 1167 546 1216 mors
563 1138 683 1213 obiter
705 1140 743 1211 in
766 1141 892 1215 codem
909 1164 1006 1214 auno
1024 1139 1190 1214 celeriter

140 1255 319 1331 bsorbuit.
347 1256 552 1332 Mathiellus
573 1256 743 1358 quidem,
772 1256 859 1329 dum
882 1258 971 1346 iret,
1000 1257 1038 1328 in
1057 1255 1189 1356 Apulia

140 1374 287 1461 eocssit3
307 1372 490 1449 Mathildis
506 1400 606 1467 aero,
624 1376 710 1447 dum
728 1372 881 1463 rediret,
899 1374 1014 1474 Joppe
1030 1373 1137 1448 obiit.

168 1490 303 1564 xvtlt.
321 1490 427 1565 Nunc
443 1491 488 1566 de
503 1490 690 1579 iohanne,
709 1490 753 1564 de
764 1516 840 1591 quo
851 1493 928 1589 jam
944 1504 1044 1565 retro
1060 1516 1189 1590 parum

140 1606 220 1705 ctigi
237 1608 313 1704 (a),
331 1607 412 1708 quis
429 1606 540 1681 faerit
555 1606 611 1681 vel
626 1606 782 1708 qualiter
796 1632 858 1680 seu
870 1605 1041 1707 quamdiu
1058 1606 1191 1679 vixerit

140 1721 187 1795 nb
207 1748 336 1797 norma
358 1723 575 1813 monachili,
593 1724 678 1800 volo
696 1722 849 1798 lucidius
866 1749 1023 1799 reserare
1043 1723 1189 1798 lectoris

140 1839 333 1916 atellectui.
352 1843 420 1915 llic
441 1843 588 1943 ingenio
604 1868 699 1931 scer,
713 1841 906 1943 studioque
918 1841 1084 1942 patina:
1095 1840 1188 1934 fait,

139 1974 155 2029 t
186 1959 224 2031 in
254 1954 380 2031 habitu
405 1958 620 2034 monachica
648 1957 724 2034 sere
749 1983 863 2033 xcvrn
886 1960 991 2033 annis
1014 1958 1128 2049 vixit,
1152 1977 1190 2034 et

140 2100 157 2146 n
183 2072 389 2176 indagandis
405 2074 585 2150 librorum
602 2073 732 2149 abditis
755 2076 935 2178 mysteriis
959 2072 1190 2151 vehementer

140 2189 311 2267 abor-avit.
336 2190 369 2264 Α
391 2193 572 2266 Mainerio
592 2190 721 2266 abbate
735 2192 877 2295 juvenis
899 2207 1102 2292 susceptus,
1123 2192 1187 2268 Ilei

140 2309 215 2383 sile
242 2309 426 2401 introivit,
453 2308 522 2383 sub
548 2309 698 2385 Seriane
720 2325 758 2384 et
777 2311 934 2411 Rogerio
954 2310 999 2383 ad
1025 2309 1190 2384 sacerdo-

139 2429 213 2500 ium
224 2429 299 2525 jam
317 2443 520 2528 promotus,
538 2426 720 2515 militavit,
735 2426 895 2529 aliosque
911 2425 1189 2501 viriliterdimi-

140 2571 201 2619 arc
211 2543 329 2617 verbis
339 2558 376 2617 et
385 2544 557 2646 exemplis
566 2543 714 2630 docuit,
729 2558 766 2617 et
777 2541 928 2618 Guarini
942 2541 1081 2617 abbatis
1091 2560 1187 2619 tem·

140 2686 223 2750 ore,
236 2678 273 2734 x·
286 2661 356 2734 kal.
367 2663 491 2762 aprilis
502 2662 538 2736 in
549 2662 774 2737 confossione
784 2660 918 2735 Christi
932 2660 1129 2760 occubuit(
1155 2665 1186 2760 ).

140 2777 331 2879 iabprioris
353 2804 475 2852 curam
499 2779 634 2853 diutius
655 2781 780 2878 gessit,
804 2780 968 2880 vicosque
991 2776 1129 2851 abbatis
1151 2782 1188 2852 in

140 2898 255 2971 lisinae
273 2898 358 2996 legis
372 2897 576 2996 prolatione
593 2897 722 2997 saepius
739 2896 908 2995 explevit.
923 2895 1028 2969 Jussu
1043 2896 1188 2995 Rogerii

142 3010 275 3105 bbatis,
291 3011 333 3085 ad
346 3011 536 3087 Urbanum
549 3038 675 3113 papam
689 3038 772 3085 cum
785 3012 951 3111 deposito
963 3010 1121 3086 Falcone
1135 3014 1189 3108 (4)

140 3133 275 3204 tomam
293 3130 399 3217 adiit;
418 3130 454 3202 in
468 3154 543 3230 quo
556 3129 686 3202 itinere
698 3127 792 3203 diras
807 3124 1057 3233 egritudines,
1073 3127 1191 3227 plari-

156 3470 197 3539 (ι)
219 3468 363 3540 questum,
384 3470 538 3525 muneris
558 3467 594 3525 de
612 3456 832 3525 soar-Emata
848 3464 887 3523 ta
903 3462 984 3541 taqua
1001 3463 1045 3521 ta
1063 3475 1137 3521 mse
1148 3478 1191 3523 aa

140 3556 301 3613 isiblemem
314 3556 479 3632 preferable.

156 3644 608 3725 (ηεῐὼωψδῴειιὸὀ.
628 3647 1191 3723 Βωωρατοοωμκιοιπιμ,

140 3754 207 3809 oya
219 3735 361 3795 l’mssoas
372 3736 507 3795 ww!
518 3736 554 3793 de
570 3736 692 3803 ance,
706 3747 729 3792 t.
745 3753 784 3805 n,
800 3755 828 3810 p.
844 3732 936 3790 ιῦ-αο.

157 3825 199 3898 (ὅ)
218 3829 268 3883 laes
277 3826 434 3889 tumida
443 3826 585 3887 l’tttssoin
598 3829 732 3883 littlrain
744 3826 779 3883 de
793 3825 903 3882 Fronte
913 3826 1023 3900 placcat
1037 3836 1083 3883 cct
1094 3828 1193 3885 heae·

140 3927 205 3972 arat
218 3917 243 3972 le
258 3915 294 3975 23
303 3916 373 3977 avril
387 3916 464 3976 nso.
477 3918 554 3975 Noas
567 3936 686 3992 msam
694 3918 777 3992 qn'aa
790 3916 847 3972 lica
859 3915 898 3971 da
912 3912 947 3971 23
959 3915 1026 3972 avril
1040 3915 1060 3972 il
1072 3916 1132 3973 lant
1144 3918 1196 3974 lirc

140 4028 155 4063 e
168 4006 204 4064 23
216 4027 306 4081 mara,
319 4009 541 4067 cociomtat
551 4013 567 4065 t
578 4007 749 4065 l'indioation
761 4009 797 4064 dc
810 4018 890 4064 noan
901 4017 1008 4064 auteur.

162 4104 203 4168 (t)
222 4099 379 4176 Ponlqats,
401 4098 472 4157 abst
491 4099 527 4156 dc
549 4096 1131 4155 Romanensem-emotae.
1153 4097 1195 4155 cs

140 4208 234 4263 orsae
246 4203 294 4246 em
304 4192 360 4247 lieu
374 4209 409 4247 ca
425 4210 502 4267 rom.
513 4190 608 4263 Voycs
620 4188 775 4258 cidaras,
789 4189 808 4246 l.
824 4205 863 4257 aa,
877 4206 905 4262 p.
923 4184 984 4262 ηδ.
