2768 5094
279 366 340 430 ns
506 364 691 427 msroan
712 365 1018 429 accensurus.
1077 326 1085 341 '
1142 369 1350 449 [son-roos]

269 487 501 563 Francorum
511 485 697 572 vitricum,
710 486 828 586 gravis
841 484 1105 561 seditio-exorta
1114 503 1189 579 ost,
1203 514 1351 591 cumque

278 606 384 705 Hugo
400 630 484 678 cum
500 601 675 702 praedicto
694 604 841 679 consule
858 605 1026 681 audacter
1043 631 1269 708 congressus
1287 623 1348 695 est,

279 724 367 825 qnia
382 722 543 794 militum
559 722 675 820 impar
690 723 724 795 ei
744 748 916 796 numerus
932 739 1029 814 erat,
1048 723 1181 826 fugere
1197 726 1351 827 compd—

277 867 338 915 sns
353 855 418 914 est.
431 842 472 911 ln
487 838 552 912 hac
564 837 648 940 fuga
658 839 830 913 Ricardns
845 841 890 914 de
906 841 1285 944 Heldrici-Corte(1),
1297 870 1352 920 no

278 956 362 1029 bilis
385 955 487 1028 miles
506 953 550 1029 de
573 981 664 1056 pago
684 956 907 1046 Vilcassino,
933 956 1146 1032 vulneratus
1164 974 1241 1034 est.
1270 960 1352 1035 rtan

278 1072 368 1148 dnm
383 1071 513 1145 vadum
529 1072 632 1171 Eptae
649 1072 810 1146 fluminis
828 1099 922 1173 equo
939 1074 1114 1148 velociter
1131 1073 1286 1178 fugiens
1300 1079 1351 1150 io-

277 1217 418 1294 gressns
439 1206 512 1279 est,
536 1191 783 1290 persequentis
806 1190 931 1263 militis
951 1191 1071 1266 lancea
1091 1217 1209 1293 super
1226 1220 1352 1296 equum

279 1338 302 1385 a
318 1326 421 1411 tergo
443 1309 616 1383 acerrime
635 1334 821 1408 percussus
839 1325 904 1382 est.
924 1309 994 1403 Qui
1011 1335 1098 1385 mox
1119 1309 1167 1385 ad
1189 1310 1352 1387 Novum·

279 1426 483 1501 Mercatum
493 1423 630 1498 delatus
642 1441 696 1498 est
709 1452 729 1498 a
743 1423 1056 1499 commilitonibus
1072 1427 1149 1501 suis
1158 1454 1171 1518 ς
1190 1429 1352 1529 morique

281 1559 466 1632 metuens,
480 1541 827 1642 consilioflugonis,
847 1542 886 1615 in
909 1545 1009 1643 cujus
1029 1542 1168 1617 familia
1187 1546 1353 1620 servimt

281 1662 321 1733 in
346 1661 476 1749 armis,
495 1660 640 1734 devovit
662 1659 793 1735 amodo
818 1688 855 1735 se
871 1660 1113 1734 militaturum
1136 1658 1211 1736 snb
1233 1688 1353 1738 mom-

283 1776 368 1851 cbili
392 1803 519 1853 norma
538 1778 716 1850 virtutum
741 1779 934 1853 exercitiis.
953 1779 1143 1855 Uticenses
1165 1807 1262 1884 ergo
1279 1807 1353 1856 no-

283 1894 419 1970 nacbos
445 1895 630 1984 accersiit,
662 1909 699 1969 et
727 1893 880 1970 Osberni
911 1895 1049 1970 abbatis
1080 1900 1301 2000 magisterio
1324 1925 1355 1971 se

283 2013 516 2112 mancipavit.
541 2012 665 2086 Postea
686 2010 848 2086 donante
870 2012 968 2102 Deo,
991 2015 1054 2113 qui
1075 2031 1290 2114 peccatores
1309 2015 1354 2088 di·

284 2127 395 2202 versis
418 2124 666 2203 occasionibus
680 2125 725 2201 de
745 2124 918 2202 barathro
943 2127 1159 2228 perditionis
1186 2129 1354 2216 retrahit,

284 2244 456 2319 Ricardns
476 2245 765 2344 aliquantulum,
785 2271 862 2319 non
880 2261 1000 2319 tamen
1016 2272 1060 2320 ex
1080 2247 1252 2349 integro,
1275 2274 1356 2324 oon·

284 2362 417 2448 valuit,
434 2377 471 2434 et
489 2360 565 2435 sere
579 2385 632 2435 vn
645 2362 749 2433 antris
763 2363 801 2434 in
814 2362 943 2437 ordine
952 2361 1114 2436 fervidus
1124 2365 1244 2456 vixit,
1259 2380 1356 2467 atque

284 2477 450 2580 pluribus
459 2478 577 2554 modis
590 2479 759 2553 Ecclesiae
770 2481 938 2580 profecit.
954 2480 1022 2554 Hic
1034 2483 1173 2556 etenim
1185 2484 1357 2585 patrimo-

285 2598 391 2671 nium
403 2624 522 2686 suum,
537 2596 638 2698 qnod
658 2599 695 2670 in
714 2625 807 2700 pago
819 2600 1019 2674 Vitcassino
1031 2600 1262 2701 possederat,
1282 2604 1356 2704 quia

287 2739 440 2789 uxorem
457 2730 494 2787 et
511 2711 644 2789 liberos
660 2741 737 2789 non
754 2715 946 2805 babuerat,
964 2732 1046 2817 post
1061 2716 1227 2792 vulneris
1245 2718 1359 2794 laesio-

288 2859 376 2907 nem
391 2832 525 2906 Sancto
539 2831 694 2907 Ebrntso
710 2850 840 2933 sponte
858 2860 980 2908 secum
992 2834 1151 2911 contulit
1160 2889 1172 2924 ,
1188 2852 1228 2911 et
1242 2863 1264 2910 a
1280 2836 1359 2911 rut·

289 2975 382 3024 cone
394 2965 525 3048 patruo
539 2976 606 3022 suo
616 2965 723 3050 atque
736 2950 915 3024 Herberto
928 2951 1102 3025 Pincerna
1111 2951 1195 3053 (qui
1206 2953 1360 3054 capitulis

290 3065 462 3138 dominus
478 3067 569 3163 erat)
585 3064 733 3166 aliisque
750 3064 960 3164 parentibus
973 3067 1045 3140 suis
1060 3068 1241 3168 integrum
1264 3068 1360 3168 bnjus

292 3184 345 3257 rei
376 3183 643 3257 concessionem
665 3181 840 3255 obtinuit.
868 3186 946 3285 lpse
971 3186 1167 3276 nimirum,
1203 3186 1361 3290 quamvis

293 3301 397 3402 plaga
428 3302 503 3400 ejus
534 3325 732 3400 numquam
762 3300 877 3372 clausa
899 3319 1011 3389 esset,
1046 3316 1083 3376 et
1114 3302 1202 3377 inde
1233 3302 1360 3391 sonim,

293 3433 473 3520 quantum
498 3433 586 3492 testa
607 3418 666 3491 ovi
688 3419 822 3492 anseris
845 3444 970 3519 capere
988 3435 1107 3519 posset
1127 3423 1186 3519 (nt
1208 3420 1363 3495 refertur

294 3535 340 3608 ab
357 3534 412 3608 his
430 3536 493 3635 qui
510 3533 724 3632 viderunt),
743 3533 907 3635 quotidie
923 3535 1119 3625 deflueret,
1141 3551 1362 3612 conventum

296 3653 461 3728 ordinate
478 3653 575 3753 sequi
594 3650 762 3724 ardenter
777 3652 964 3741 studebat,
987 3671 1023 3728 ct
1040 3655 1266 3745 ministeria,
1286 3679 1363 3757 quc

301 3954 367 4012 1062
384 3956 505 4027 &Agnis
522 3953 557 4007 de
573 3953 685 4023 Rustic,
702 3975 786 4012 seuve
798 3957 833 4014 de
846 3961 933 4017 chri
949 3962 993 4031 ltt,
1013 3963 1054 4019 roi
1069 3961 1105 4018 de
1118 3961 1241 4035 Franco,
1257 3972 1364 4021 nomn

364 4061 398 4096 o·
421 4085 425 4096 .

298 4046 585 4204 cn(iflicudieonrt,
599 4135 663 4207 prbe
677 4134 836 4208 Etrepagui.
