2768 5094
54 422 221 499 [sauss]
429 418 544 480 nmen
565 418 757 494 Qoaurns.
1061 423 1121 483 200

53 539 191 638 digium
217 537 360 637 populis
385 537 501 636 palam
527 553 709 609 ostensum
734 551 799 609 cst.
829 536 956 610 Manus
982 539 1121 612 enimc

55 651 215 726 nubibus
238 653 281 723 ad
309 677 453 723 crucem
476 667 639 749 porrecta
669 665 740 738 est,
769 677 850 750 quae
878 667 962 724 ante
987 653 1121 726 ostium

53 768 184 843 domus
205 768 376 868 parientis
399 768 516 840 'renae
535 783 628 840 stare
648 768 717 838 visa
742 783 807 840 est.
834 768 919 840 Post
941 784 1026 842 octo
1047 767 1121 842 dies

55 884 176 956 infans
193 882 408 983 baptizatur,
427 899 463 958 et
479 881 700 957 Gutblacns:
723 881 824 956 idest
836 882 922 958 belli
937 910 1082 975 munus,
1101 912 1120 958 a

56 1000 176 1087 tribu,
206 1028 315 1102 qnam
340 999 595 1099 Guthlacingas
621 1000 765 1086 dicunt,
797 1001 1007 1100 appellatur.
1036 1004 1122 1078 Post

54 1121 184 1193 mitem
196 1119 402 1219 pueritiam,
417 1116 504 1190 dum
517 1117 764 1190 adolescentie
777 1117 933 1192 calorem
944 1119 1120 1207 sensisset,

56 1252 92 1309 ct
111 1236 264 1311 heroum
277 1237 385 1309 sortia
402 1250 498 1333 gesta
511 1234 785 1321 considerasset,
804 1239 999 1334 aggregatis
1013 1235 1122 1309 satel-

57 1353 166 1427 litum
184 1353 312 1450 tunnis
325 1352 368 1423 ad
385 1378 482 1423 arma
499 1378 536 1426 se
553 1351 753 1438 convertit,
772 1349 911 1450 sibique
928 1349 1121 1424 adversan-

59 1471 150 1543 tium
176 1466 274 1541 villas
298 1484 334 1542 et
355 1469 575 1542 munitiones
600 1468 698 1567 igne,
725 1468 895 1568 ferroque
910 1467 1068 1541 devastat
1085 1488 1122 1544 et

57 1584 254 1687 disperdit,
281 1586 534 1685 immensisque
554 1584 683 1684 praedis
703 1584 851 1685 direptis
873 1587 1015 1659 tertiam
1036 1614 1122 1686 par-

59 1717 132 1775 tem
157 1717 285 1801 sponte
313 1700 367 1774 bis
388 1700 519 1802 quibus
541 1698 701 1772 ablatum
720 1717 790 1788 cst,
817 1728 885 1801 pro
910 1728 1031 1777 amore
1056 1703 1120 1775 Dei

59 1818 226 1891 remittit.
244 1816 379 1890 Deinde
393 1817 602 1888 tmnscnrsis
618 1840 655 1887 rx
670 1815 793 1905 annis,
805 1816 841 1887 in
855 1815 988 1916 quibus
1002 1815 1121 1890 bsstes

58 1933 160 2008 valde
182 1933 353 2007 afflixerat
371 1930 527 2006 caedibns
545 1948 580 2005 et
601 1933 754 2031 rapinis,
776 1934 997 2006 considerata
1021 1960 1122 2009 mor-

60 2050 140 2123 talis
154 2050 238 2121 sitse
252 2048 444 2147 fragilitate
462 2063 498 2121 et
514 2049 724 2120 caducarum
742 2073 862 2121 rerum
876 2047 1120 2136 instabilitate,

61 2169 209 2241 territus
232 2165 275 2240 ad
301 2167 455 2264 seipsum
476 2166 588 2252 redit,
611 2191 737 2265 seque,
756 2192 795 2237 ac
814 2166 842 2236 si
867 2181 1022 2239 mortem
1045 2193 1122 2265 prae

59 2283 175 2359 oculis
201 2283 354 2371 rideret,
383 2282 547 2370 discutit,
574 2300 609 2356 et
635 2283 888 2356 emendatioris
918 2285 1000 2356 vitae
1029 2284 1122 2355 riam

59 2399 203 2501 aggi-edi
222 2401 360 2500 satagit.
388 2400 502 2499 lgittn·
524 2398 716 2498 complices
739 2425 820 2472 suos
840 2399 1032 2500 relinquit,
1057 2426 1125 2500 ps-

61 2533 182 2591 rentes
204 2533 241 2593 et
264 2520 435 2616 patriam,
460 2518 680 2617 comitesque
696 2515 943 2590 adolescentie
965 2542 1037 2589 suae
1055 2543 1125 2616 pro

61 2631 431 2719 Christocontcmnit,
443 2647 481 2705 et
493 2640 557 2703 xx⁰
574 2643 622 2703 iv’
634 2630 1124 2706 aetatissnaeannoabrenun·

63 2752 157 2824 tiens
169 2750 289 2824 saeculi
306 2751 447 2850 pompis
462 2749 652 2849 Ripaduun
669 2752 726 2848 (i)
744 2752 1001 2824 monasterinm
1017 2751 1122 2836 adiit,

63 2868 187 2970 ibique
202 2867 271 2942 sub
289 2866 463 2945 abbatissa
481 2867 629 2940 nomine
645 2864 787 2940 Elsdrid
802 2880 1007 2953 tonsuram,
1026 2864 1125 2938 babi-

64 3003 215 3085 tumque
228 2983 427 3058 clericalem
440 2984 605 3083 suscepit.
626 2985 748 3057 Postea
763 2983 809 3056 ab
820 2982 993 3057 ebrietate
1004 2985 1126 3058 omni·

62 3130 134 3204 que
152 3103 291 3176 lascivia
313 3118 392 3177 toto
418 3103 498 3175 nisu
519 3100 730 3189 declinarit,
755 3102 928 3201 omnique
950 3097 1125 3174 honestati

62 3236 99 3289 ct
117 3218 284 3318 religioni
302 3245 370 3317 pro
389 3217 546 3293 humano
563 3246 664 3315 posse
681 3216 829 3288 studuit.
852 3217 919 3289 Per
939 3215 1126 3288 biennium

63 3340 174 3409 sacris
198 3337 327 3409 litteris
353 3351 390 3409 ct
416 3337 621 3408 monasticis
647 3333 844 3431 disciplinis
870 3330 1029 3403 imbutus
1053 3347 1125 3417 est,

65 3457 125 3527 scd
157 3453 210 3527 bis
239 3470 377 3527 tantum
405 3469 596 3526 contentus
624 3477 698 3525 non
726 3466 791 3522 cst.
818 3449 909 3521 Nam
934 3447 1127 3520 eremiticae

67 3575 151 3643 sitae
165 3571 341 3669 singulare
355 3585 533 3644 certamen
549 3569 705 3667 arripere
717 3583 865 3640 conmns
881 3582 951 3652 est,
968 3565 1029 3637 ubi
1044 3591 1127 3638 cnm

69 3690 171 3762 liostc
188 3686 352 3761 cominus
369 3686 521 3758 luctetus
534 3701 598 3759 est.
716 3694 719 3699 “

103 4027 141 4071 «ι,
160 4005 275 4059 sanam
299 4002 442 4061 blaisillon.
463 4002 528 4054 c’cst
552 4000 577 4053 lc
596 4003 749 4055 modestius·
768 4018 878 4054 nounne
899 3998 1061 4069 Rependitur
1080 4017 1128 4070 pst·

70 4092 230 4145 tisrillsurnc
238 4091 273 4145 dc
282 4091 476 4160 llalmesbory,
486 4102 514 4142 et
522 4091 570 4162 qui
578 4093 645 4143 ctait
653 4088 799 4143 sitandans
808 4087 986 4141 techinam.
997 4086 1019 4140 ll
1030 4105 1064 4139 ne
1073 4088 1130 4139 lant

73 4203 118 4251 pn
127 4184 150 4235 ti·
165 4182 316 4235 «aristonilre
331 4203 392 4234 siv«-
405 4181 474 4235 intui
487 4180 520 4234 de
532 4179 622 4253 ltipnn
636 4178 704 4233 ilaus
715 4178 893 4243 l'lorksbirc,
903 4180 940 4231 cit
951 4177 968 4231 il
980 4177 1021 4231 n'a
1032 4177 1130 4246 jaman
