2768 5094
283 409 323 468 nt
557 401 742 463 nrsronn
763 400 1069 462 nccunsnsnct.
1156 406 1247 480 [Am
1260 411 1340 484 1⁰50]

281 524 357 598 dies
373 522 564 594 defunctus
582 535 635 594 est
651 521 722 618 (1).
741 518 954 594 Willermus
972 520 1011 593 in
1028 519 1158 594 ordine
1176 524 1343 596 nativita-

283 641 328 713 tis
344 635 519 712 secundus
539 636 603 709 diu
619 637 729 726 vixit,
747 637 921 737 omnique
937 637 1010 709 vita
1031 662 1093 708 sun
1110 640 1257 712 cunctis
1276 639 1343 713 fra-

282 753 398 828 tribus
415 753 487 826 suis
506 754 708 853 imperavit.
727 755 816 826 Erat
831 753 928 826 enim
945 751 1102 826 multum
1117 753 1299 830 facundus
1315 773 1345 830 et

274 877 440 972 jocosus,
466 872 585 972 largus
611 888 647 945 et
679 872 883 961 animosus,
913 870 1082 970 subjectis
1112 874 1290 949 amandus
1315 893 1344 947 et

278 989 506 1065 obstantibus
528 989 792 1064 formidandus.
816 988 945 1062 Nullus
969 990 1175 1063 vicinorum
1197 991 1345 1066 audebat

280 1124 414 1183 terram
433 1112 507 1208 ejus
523 1107 601 1182 ullo
614 1107 725 1182 modo
744 1105 923 1195 invadere,
942 1133 1010 1181 nec
1028 1106 1185 1207 aliquam
1203 1109 1344 1209 inquie-

283 1225 417 1297 tudinis
431 1221 728 1298 consuetudinem
735 1221 782 1295 ab
790 1220 1001 1295 bominibus
1011 1225 1084 1320 ejus
1093 1222 1252 1322 exigere.
1263 1226 1345 1322 Epi-

280 1341 719 1442 scopalesconsuetudines
730 1344 767 1414 in
780 1355 859 1416 toto
870 1340 1116 1414 Monasterioli
1130 1339 1343 1433 etEsealfoii

278 1458 395 1558 fundo
424 1459 597 1548 hahebat,
629 1485 696 1532 nec
723 1458 819 1531 ullus
846 1455 1185 1530 archidiaconorum
1215 1455 1344 1530 ibidem

278 1575 509 1678 presbyteros
536 1575 692 1674 ejusdem
718 1575 867 1649 honoris
893 1575 1153 1648 circumvenire
1180 1573 1341 1649 audebat.
1383 1666 1384 1669 Ἴ

278 1695 369 1768 Nam
391 1697 546 1770 Geroius
564 1712 668 1794 pater
691 1698 787 1793 ejus,
813 1708 1005 1794 postquam
1027 1692 1200 1792 llelgonis
1222 1693 1343 1766 fiscum

277 1812 338 1908 (ut
353 1811 599 1912 supradictum
617 1812 703 1910 est)
718 1809 900 1900 obtinuit,
925 1810 1059 1884 incolas
1077 1809 1172 1882 illius
1196 1811 1340 1909 patriae,

277 1927 412 2029 dequo
428 1930 638 2030 episcopatu
653 1944 790 2019 essent,
814 1928 1014 2029 inquisivit.
1034 1928 1090 1999 llli
1106 1942 1229 2001 autem
1245 1928 1342 2000 dixe·

277 2059 368 2117 runt
382 2071 420 2120 se
436 2045 570 2119 nullius
585 2035 809 2146 episcopatus
826 2071 913 2120 esse.
933 2044 983 2118 At
998 2044 1059 2118 ille
1075 2075 1084 2115 ε
1100 2044 1186 2116 Hoc
1202 2051 1341 2117 ommim

277 2163 454 2262 injustum
465 2181 529 2237 est.
545 2163 657 2237 Absit
667 2192 692 2235 a
702 2189 760 2235 me
773 2180 811 2235 ut
820 2166 889 2236 sim
902 2161 1040 2262 absque
1045 2177 1201 2263 pastore
1213 2177 1250 2233 et
1251 2162 1340 2261 jugo

277 2280 536 2352 ecclesiusticoe
546 2279 778 2381 disciplinoel
791 2275 928 2351 Deinde
940 2279 1021 2379 quis
1037 2278 1245 2351 vicinorum
1258 2303 1341 2375 prm

279 2392 398 2464 sulum
417 2394 620 2492 religiosior
635 2408 726 2468 esset
742 2395 987 2493 investigavit3
1009 2393 1216 2493 agnitisque
1232 2393 1340 2465 virtu·

278 2506 373 2579 tibus
390 2510 535 2609 Rogerii
553 2510 786 2585 Luxoviensis
802 2510 974 2610 episcopi,
989 2510 1020 2584 ei
1035 2525 1155 2585 totum
1168 2506 1340 2582 honorem

276 2649 383 2696 suum
405 2624 630 2728 subjugavit,
650 2642 686 2702 et
703 2626 907 2701 Baldricum
923 2627 967 2701 de
985 2626 1219 2726 Balgenzaio,
1239 2651 1340 2727 gene·

276 2767 407 2841 rosque
430 2768 535 2834 suos,
560 2744 809 2819 Wasoelinum
833 2745 878 2819 de
903 2748 1019 2820 Ponte
1041 2743 1284 2818 Ercheulredi
1309 2759 1339 2818 et

274 2859 471 2959 Rogerium
484 2858 528 2935 de
541 2862 694 2952 Merula,
714 2877 827 2936 terras
844 2890 935 2954 suas,
954 2889 1036 2964 quae
1055 2861 1163 2934 simili
1179 2860 1340 2936 libertate

274 2975 536 3066 abutebantur,
566 2982 720 3080 praesato
747 2982 911 3082 pontifici
940 2982 1107 3058 similiter
1131 2978 1339 3054 submittere

274 3095 458 3192 persuasit.
473 3081 647 3197 Rogerius
660 3101 777 3200 itaque
791 3100 936 3200 praesul,
952 3099 1076 3174 videns
1088 3097 1187 3197 quod
1200 3095 1337 3195 praefati

273 3213 463 3311 optimates
480 3213 548 3286 sibi
573 3232 702 3316 sponte
719 3243 779 3288 sua
798 3215 1089 3303 humiliarentur,
1111 3213 1339 3314 congratula-

274 3343 332 3400 tus
349 3345 403 3402 est
425 3329 494 3420 eis,
513 3329 682 3434 deditque
701 3332 929 3433 privilegium
946 3349 988 3405 nt
1005 3331 1125 3405 clerici
1144 3345 1252 3403 terrae
1271 3355 1339 3403 snoe

274 3471 351 3519 non
377 3448 474 3521 irent
495 3448 539 3538 ad
561 3449 804 3549 placitandum
831 3466 931 3526 extra
953 3464 1167 3550 potestatem
1191 3473 1338 3533 eorum,

308 3719 348 3789 (t)
361 3718 385 3773 ll
395 3720 571 3789 semblerait,
586 3721 693 3796 d’apres
711 3733 792 3778 notre
801 3735 910 3793 auteur,
926 3743 982 3799 que
995 3743 1027 3779 oe
1040 3741 1213 3797 persounage
1225 3723 1340 3779 u’uurait

273 3824 321 3879 pm
333 3807 414 3864 taint
432 3809 585 3878 deultum,
603 3812 758 3886 cependaut
772 3813 798 3868 la
811 3815 944 3870 donation
964 3833 1000 3869 tu
1018 3815 1173 3869 moumt'ere
1189 3813 1225 3869 de
1237 3813 1265 3868 la
1278 3815 1340 3868 Tri·

273 3897 479 3955 sinain-ttoni
491 3900 563 3956 dela
577 3911 650 3957 terre
668 3902 702 3957 de
718 3904 869 3959 Giverville
880 3907 890 3975 (
902 3903 1104 3975 Gnmrdivilla)
1117 3922 1167 3977 par
1178 3902 1341 3958 Guillaume

273 3975 467 4058 d'l'kbaut'our,
476 4002 518 4048 est
527 3993 638 4048 rerdtue
650 3992 684 4048 de
694 3993 719 4048 la
730 3996 913 4069 souscription
927 3994 1063 4049 suivaute:
1078 3995 1197 4065 Signum
1211 3992 1342 4048 thtetm'

264 4078 327 4149 filii
346 4080 472 4135 Ernolda'
491 4081 526 4135 de
547 4083 721 4149 Mostert'olo,
744 4089 794 4157 qui
812 4083 890 4139 dedit
904 4083 934 4137 S.
961 4085 1095 4139 Trinitati
1105 4083 1243 4138 dect'mam
1257 4086 1340 4140 totius

274 4170 399 4242 ejusdcm
415 4174 622 4244 Gutardetvutae,
637 4176 834 4248 presbyterum
848 4187 874 4232 et
888 4176 1031 4233 ecclesiam
1043 4174 1132 4233 alodii
1140 4175 1215 4248 jure.
