2768 5094
137 389 209 468 mr]
468 384 586 448 einen
606 384 798 463 orturus.
1105 388 1166 448 ros

137 524 239 595 ntur,
264 523 300 582 et
320 507 545 583 dementiam
573 510 648 607 ejus
671 510 777 608 (quae
798 505 993 578 tardissimo
1020 507 1069 578 eis
1095 507 1166 578 visa

140 628 174 715 t)
191 626 230 698 in
248 624 348 697 duris
367 623 542 724 agonibus
560 622 827 724 praestolantur.

149 741 245 815 Vere
254 742 369 841 gioria
382 740 508 813 mundi
524 758 564 813 ut
580 742 647 815 ilos
660 741 752 815 foeni
769 740 902 814 decidit
914 754 951 812 et
967 741 1107 828 arescit,
1127 766 1168 813 ae

138 860 200 932 dut
231 857 353 932 sumus
381 856 502 932 deficit
534 875 571 931 et
600 859 740 931 transit.
774 855 845 930 Ubi
874 871 928 931 est
955 855 1169 931 Guiiielmus

138 975 255 1050 iberni
280 974 377 1049 iilius
402 974 651 1049 Herfordensis
673 1001 792 1048 eomes
819 990 856 1045 et
880 974 971 1074 regis
991 974 1165 1062 vicarius,

138 1091 337 1166 ormunniae
361 1091 506 1190 Dapiser
525 1107 562 1164 et
585 1091 751 1191 magister
778 1090 935 1163 miiitum
955 1087 1169 1163 bellicosus?

138 1207 167 1279 ic
182 1205 359 1279 nimirum
372 1207 511 1304 primus
524 1221 560 1279 et
574 1206 748 1277 maximus
761 1230 951 1305 oppressor
965 1203 1168 1304 Anglorunr

140 1321 187 1408 it,
208 1337 245 1393 et
265 1344 451 1394 enormem
469 1345 608 1393 cenum
626 1346 691 1418 per
708 1321 946 1394 temeritatem
962 1346 1061 1392 suom
1077 1345 1168 1392 enu-

138 1437 223 1524 ivit,
241 1463 307 1535 per
319 1461 427 1536 quom
442 1436 566 1508 multis
583 1435 743 1509 millibus
760 1437 863 1509 ruina
881 1438 1021 1509 miserae
1039 1437 1167 1510 mortis

139 1551 279 1625 cubuit.
295 1551 429 1625 Verum
440 1555 557 1651 justus
576 1551 685 1652 judex
703 1554 824 1626 omnia
838 1553 952 1641 videt,
972 1568 1009 1626 et
1024 1553 1167 1626 unicui-

139 1695 171 1745 re
191 1684 305 1768 prout
320 1685 481 1743 meretur
499 1669 606 1771 digne
623 1669 800 1745 redhibet.
821 1669 916 1744 Prob
935 1669 1060 1745 dolor!
1086 1695 1167 1743 ecoe

139 1785 315 1861 uilleimus
337 1787 495 1876 corruit,
522 1787 635 1860 audax
652 1787 786 1862 athlete
803 1791 939 1889 recepit
957 1788 1055 1890 quod
1076 1814 1167 1889 pro-

139 1905 245 1977 eruit.
262 1903 312 1977 Ut
327 1904 461 1978 multos
478 1931 561 1978 ense
578 1905 790 1993 trucidavit,
814 1908 888 2004 ipse
905 1931 1051 2007 quoque
1068 1905 1167 1978 ferro

139 2037 247 2119 pente
259 2021 410 2093 interiit.
430 2021 593 2121 Denique
606 2037 689 2121 post
704 2025 778 2120 ejus
794 2046 958 2095 occasum
974 2037 1166 2120 antequem

139 2149 253 2208 rtrum
291 2133 535 2234 compleretur
564 2162 762 2222 annorum,
794 2136 942 2236 spiritus
977 2132 1165 2209 discordie

140 2253 214 2325 ium
230 2255 307 2351 ejus
320 2267 355 2325 et
367 2279 540 2352 generum
553 2267 679 2343 contro
694 2252 885 2326 dominum
901 2269 1057 2324 suomet
1074 2277 1164 2351 cog-
1283 2250 1286 2255 ’

140 2382 224 2439 tum
239 2366 418 2441 hostiliter
428 2368 581 2459 excivit,
591 2368 653 2468 qui
665 2366 1003 2442 Sicbimitoscontro
1014 2364 1164 2440 Abime-

140 2480 175 2555 :b
192 2484 318 2583 (quem
334 2484 459 2557 occisis
470 2508 542 2556 cxx
556 2483 638 2557 liliis
651 2481 814 2558 Jerobaai
827 2481 894 2555 sibi
906 2481 1164 2581 praeseoeront)

140 2601 305 2674 mmorit
322 2602 379 2675 En
396 2603 569 2675 veraciter
580 2628 600 2674 a
612 2602 856 2701 medeseriptn
868 2601 1080 2687 estoffenso,
1094 2626 1164 2699 pro

140 2746 165 2793 u
177 2716 365 2795 Guiiieimi
381 2720 570 2819 progenies
582 2721 754 2793 eradicata
768 2722 819 2792 sic
834 2733 887 2792 est
899 2719 943 2793 de
959 2717 1087 2819 Angiia
1096 2773 1107 2806 ,
1123 2734 1163 2791 ut

141 2863 322 2938 eposium
338 2838 435 2936 pedis
450 2837 538 2931 (nisi
557 2836 686 2934 fallor)
698 2841 773 2935 jum
785 2839 1011 2911 nanciscetur
1030 2839 1066 2909 in
1086 2837 1158 2910 ilio.

144 2954 446 3029 XIV.Guuiierus
457 2982 576 3029 comes
587 2956 629 3028 od
644 2981 764 3056 regem
774 2957 963 3029 accersitus
974 2970 1040 3042 est,
1052 2970 1088 3028 et
1098 2980 1163 3054 per

141 3070 311 3144 tationem
325 3071 449 3144 Jndith
462 3074 584 3146 uxoris
597 3099 669 3145 suae
683 3090 866 3146 accusatus
878 3088 944 3160 est,
956 3071 1054 3172 quod
1065 3098 1163 3170 proe-

141 3204 201 3259 τω
214 3187 431 3286 proditionis
446 3191 609 3263 conscius
622 3205 658 3263 ct
671 3188 792 3262 soutor
805 3189 928 3272 suerit,
943 3186 1163 3288 dominoque

141 3332 158 3377 o
189 3303 343 3379 infidelis
371 3309 543 3380 extiterit.
576 3307 639 3381 lile
667 3324 786 3383 autem
819 3306 1019 3405 intrepidus
1047 3307 1163 3405 poium

141 3424 306 3521 ognovit
317 3424 415 3522 quod
427 3421 655 3522 proditorum
671 3424 923 3522 nequissimum
939 3422 1162 3496 voluntatem

153 3538 206 3609 eis
223 3537 376 3610 audierit
387 3567 398 3624 ;
418 3539 478 3611 sed
496 3540 546 3611 eis
560 3540 596 3611 in
611 3555 682 3610 tam
701 3536 852 3611 nefando
865 3564 904 3609 re
922 3536 1065 3609 nulium
1083 3561 1165 3609 om·

146 3682 183 3728 io
192 3682 373 3729 aswnsum
385 3656 536 3730 dederit.
550 3659 664 3755 Super
675 3655 740 3729 hoc
753 3655 977 3729 confessione
984 3654 1162 3751 judicium

144 3776 300 3874 ingenim
318 3792 390 3861 est,
406 3793 443 3848 et
460 3773 669 3849 censoribus
689 3776 784 3846 inter
800 3800 836 3845 se
848 3773 984 3845 diversa
1001 3773 1161 3845 sentien-

142 3917 191 3959 ius
209 3918 274 3988 per
293 3891 412 3988 plures
432 3893 588 3963 inducias
606 3917 717 3990 usqtm
735 3892 771 3962 in
790 3915 925 3960 annum
943 3886 1161 3986 protelatum

142 4062 158 4074 ..
185 4008 321 4078 interm
340 4007 510 4105 praefatus
533 4006 636 4080 beros
654 4006 745 4105 opud
761 4008 942 4077 Guentam
967 4006 1004 4076 in
1022 4032 1161 4076 mirere

142 4126 185 4201 gis
198 4140 294 4207 vnit,
317 4142 350 4194 et
371 4125 552 4194 nndtoties
570 4140 709 4223 peceato
724 4150 783 4195 sua
796 4122 969 4209 ‹totle-tut,
986 4149 1068 4221 qum
1091 4120 1162 4193 ibi-
