2768 5094
264 422 305 481 22
537 420 722 482 HISTORIA
745 414 1054 483 ECCLESIASTICA.
1125 428 1333 506 [loco-¹050]

266 540 435 629 tradidit3
456 559 492 614 et
510 540 595 615 inde
612 568 664 614 xu
683 543 899 631 canonicos,
926 567 1020 646 quos
1036 544 1215 645 Rogerius
1234 563 1336 645 pater

266 683 350 730 suus
370 656 504 732 ibidem
521 662 777 748 constituerat,
798 663 914 761 ejecit.
936 661 1103 762 Expulsis
1123 679 1249 737 autem
1266 666 1336 739 cle·

266 777 351 846 ricis
373 777 478 877 (quia
504 778 598 877 gulae
624 795 661 852 et
687 778 855 869 libidini,
883 779 1032 880 aliisque
1060 781 1179 854 earnis
1208 781 1339 882 volup-
1381 779 1382 854 i

267 891 402 967 tatibus
430 895 697 986 deservierant,
729 912 766 971 et
797 895 1026 970 saecularibus
1055 898 1338 996 emolumentis)
1381 971 1382 985 ¹

267 1009 459 1084 collocavit
471 1010 605 1085 ibidem
618 1011 814 1088 monachos
824 1011 1048 1112 regularibus
1061 1010 1224 1085 imbutos
1236 1012 1338 1086 disci·
1381 1110 1382 1113 Ἴ

268 1126 390 1223 plinis.
408 1127 524 1202 Porro
540 1127 707 1203 monachi
721 1133 822 1228 jussu
839 1129 951 1227 patris
965 1127 1158 1201 Gisleberti
1175 1129 1338 1200 strictam

269 1243 454 1344 religionis
466 1248 561 1318 viam
577 1247 615 1319 in
628 1246 774 1321 ccclesia
788 1251 901 1319 sancti
915 1246 1067 1318 Martini
1082 1246 1338 1345 arripuerunt,
1381 1283 1382 1305 ἢ

269 1378 306 1433 et
321 1360 531 1463 sequacibus
551 1364 623 1436 suis
642 1363 853 1437 servandam
870 1388 983 1464 usque
999 1361 1044 1434 ad
1060 1378 1222 1436 mortem
1242 1387 1339 1436 com·

270 1480 448 1554 miserunt
456 1510 467 1569 ς
486 1508 596 1582 quam
609 1507 828 1556 successores
843 1506 971 1554 eorum
985 1477 1053 1552 sub
1067 1478 1218 1556 eruditis
1230 1480 1340 1578 patri-

269 1594 338 1667 bus
354 1597 555 1685 Gerberto,
575 1596 748 1670 Durando
771 1613 808 1670 et
823 1593 981 1669 Arnullo
997 1620 1111 1697 usque
1135 1592 1246 1668 bodie
1267 1594 1347 1677 lau,

271 1709 441 1784 dabiliter
456 1731 580 1786 tenere
595 1727 816 1813 sategerunt.

321 1828 374 1902 De
402 1831 539 1904 Geroio
572 1831 722 1904 Ernaldi
752 1831 875 1905 Grossi
904 1831 949 1904 dc
979 1831 1090 1905 Corte
1119 1828 1263 1902 Sedaldi
1288 1829 1340 1927 (t)

273 1944 407 2021 Abonii
425 1949 584 2022 britonis
600 1948 664 2023 filii
680 1949 775 2042 filio,
794 1954 894 2048 cujus
911 1948 1100 2049 progenies
1113 1944 1340 2020 Uticensibus

273 2065 388 2140 multa
413 2064 593 2142 beneficia·
612 2068 791 2157 contulit,
817 2065 907 2141 libet
929 2067 988 2140 hic
1005 2061 1159 2167 posteris
1183 2064 1341 2138 breviter

273 2185 444 2258 intimare
460 2187 541 2287 quis
554 2185 713 2285 qualisve
727 2186 851 2258 luerit.
871 2186 938 2256 llic
950 2210 994 2257 ex
1008 2210 1136 2284 magna
1153 2181 1340 2258 nobilitate

274 2303 499 2377 Francorum
513 2316 549 2373 et
566 2301 758 2374 Britonum
774 2302 967 2400 processit,
983 2302 1146 2401 miraque
1159 2298 1338 2397 probitate

277 2434 313 2491 et
329 2419 473 2490 audacia
488 2416 711 2517 temporibus
729 2418 892 2517 Hugonis
909 2419 1029 2518 Magni
1049 2432 1086 2491 et
1103 2414 1276 2490 Rotberti
1291 2441 1343 2488 re·

277 2530 365 2635 gum
378 2537 601 2608 Francorum
612 2533 786 2609 nobiliter
799 2537 926 2637 viguit.
941 2536 1116 2609 Hildiardi
1128 2561 1219 2610 vero
1232 2534 1342 2610 sorori

279 2657 355 2751 ejus
379 2668 451 2727 tres
469 2652 533 2726 filii
557 2668 593 2727 et
612 2654 780 2728 undecim
798 2654 884 2727 liliae
902 2655 1073 2741 luerunt,
1089 2679 1172 2754 quae
1190 2651 1343 2727 bonora-

279 2766 414 2841 bilibus
431 2771 514 2843 riris
531 2783 655 2868 nuptae
673 2770 808 2844 multos
825 2770 919 2845 lilios
934 2784 1171 2869 pepererunt,
1187 2768 1253 2868 qui
1271 2793 1345 2841 suc-
1381 2773 1382 2777 ’

281 2887 420 2961 cedenti
437 2902 600 2987 tempore
618 2888 654 2960 in
673 2887 786 2960 Gallia
804 2903 841 2961 et
853 2887 982 2988 Anglia
999 2901 1108 2987 atque
1123 2886 1257 2984 Apulia
1273 2883 1345 2958 hos

281 3005 376 3074 tibus
400 3004 564 3076 inarmis
586 3031 717 3105 magno
741 3007 872 3078 terrori
894 3004 1057 3078 suerunt.
1082 3001 1237 3076 Geroius
1257 3005 1347 3076 inter

281 3122 420 3222 reliqua
435 3121 544 3195 sortia
561 3148 689 3221 opera,
703 3148 786 3222 qum
805 3121 907 3209 lecit,
923 3149 1006 3194 cum
1018 3121 1217 3195 Willermo
1236 3122 1347 3195 Beles-

282 3239 395 3311 mensi
416 3240 473 3338 (s)
493 3254 619 3314 contra
634 3240 853 3314 Herbertum
872 3241 1225 3316 Cenomannensium
1241 3240 1349 3315 comi·

286 3604 339 3640 aux
352 3586 501 3641 chauoines
513 3587 611 3641 etablis
624 3590 639 3641 b
651 3587 760 3641 Troaru
769 3585 818 3640 des
832 3603 897 3639 roua
908 3609 914 3652 ;
927 3587 1090 3640 ue'anmoins
1100 3586 1126 3639 le
1139 3584 1263 3658 premier
1276 3585 1354 3656 supi·

286 3673 363 3727 rieur
388 3674 512 3747 regulier
537 3673 620 3729 dece
645 3675 814 3740 monestere,
833 3673 972 3740 Gerbert,
992 3692 1026 3727 ne
1046 3683 1126 3746 porta
1139 3672 1220 3745 point
1240 3670 1267 3724 le
1291 3671 1354 3724 titre

287 3761 398 3829 d’abbe',
421 3764 469 3836 qui
494 3782 529 3818 ne
549 3765 592 3818 lut
614 3764 671 3836 pris
686 3781 741 3836 quc
753 3781 803 3835 par
816 3763 946 3828 Durand‚
972 3780 1020 3815 son
1040 3777 1208 3826 successeur,
1224 3778 1260 3813 eu
1280 3755 1352 3829 1059

288 3855 404 3908 Arnulle
419 3855 554 3928 templaqa
566 3873 596 3908 ce
608 3854 721 3908 dernier
734 3872 769 3907 eu
788 3854 870 3921 1088,
885 3865 913 3908 et
926 3863 1040 3907 nrourut
1052 3871 1087 3905 en
1101 3868 1177 3906 1112.
1190 3851 1231 3905 Ce
1245 3865 1356 3923 passage

288 3942 391 3996 semble
404 3945 479 3997 avoir
492 3945 537 3997 ete
550 3943 620 3996 ecrit
630 3942 866 3997 anterieurement
880 3945 894 3995 b
908 3960 934 3994 sa
948 3950 1031 3995 mort.

323 4034 333 4099 s
339 4035 362 4101 ι)
373 4033 555 4088 Courcerault
568 4033 630 4106 pres
643 4033 789 4105 Mortague
800 4032 897 4103 (Orne
907 4034 926 4100 ).

220 4123 224 4128 ’
324 4122 362 4188 (a)
376 4121 537 4175 (luillaumc
552 4122 585 4174 l‘'
598 4120 633 4175 de
653 4121 787 4191 Bellene,
808 4120 920 4196 perede
934 4118 1095 4175 Guillaume
1110 4115 1212 4172 Talras.
1230 4118 1270 4173 Ce
1285 4133 1357 4169 rom·

289 4210 335 4264 bat
348 4229 363 4263 a
377 4208 414 4265 dt
429 4212 505 4266 aroir
517 4210 573 4265 tien
587 4227 647 4266 rers
663 4229 738 4267 rouo.
