2768 5094
284 371 343 432 ns
510 367 694 431 msronn
716 366 1021 450 coccusnsnea.
1261 376 1345 457 [ιωη

279 486 492 562 Hildeberto
507 503 645 588 sceptra
663 488 887 563 Francorum
909 487 1161 591 gestantibus,
1174 494 1346 594 apostola·

279 631 365 677 rum
388 604 544 704 principi
562 620 813 679 construxerat
835 606 908 705 (r),
926 607 1149 709 antiquitate
1166 632 1301 712 uagus
1316 638 1346 687 cr

280 735 382 818 parte
407 718 527 791 diruta
548 736 644 807 erat,
670 746 737 794 nec
761 721 957 795 conventui
979 719 1277 816 monachorum,
1301 728 1346 829 φ’

278 832 442 934 quotidie
468 832 687 934 augebatur,
713 833 924 909 sufficiebat.
950 836 1068 911 Porro
1091 830 1347 916 aedilicium&

279 948 458 1052 lapidibus
478 948 574 1049 apud
591 951 740 1024 Uticum
755 950 911 1027 condere
926 951 1028 1026 valde
1042 950 1277 1029 laboriosum
1290 973 1346 1045 est,

280 1071 365 1172 quia
403 1068 592 1170 lapidicina
624 1069 856 1158 Merulensis,
885 1067 982 1143 unde
1012 1069 1186 1170 quadrati
1234 1071 1347 1174 lapids

280 1187 521 1274 advehuntur,
549 1186 593 1259 ad
622 1213 685 1260 sex
709 1185 877 1258 milliaria
897 1186 1075 1286 longeest
1098 1187 1177 1287 (a).
1210 1190 1348 1263 tinxim

280 1331 365 1407 ergo
382 1306 420 1378 in
438 1303 648 1405 colligendis
665 1304 766 1404 equis
782 1318 818 1378 et
834 1301 952 1377 bobus
964 1318 1001 1378 et
1010 1303 1188 1404 planstris
1211 1304 1349 1381 diffind-

282 1437 335 1494 tas
358 1419 513 1494 instabat
529 1417 845 1518 procuratoribus,
860 1444 927 1519 per
943 1445 1034 1520 quos
1052 1421 1250 1523 congeries
1275 1422 1347 1522 lapi·

281 1538 389 1629 dum,
408 1538 541 1637 aliique
558 1538 602 1611 ad
616 1551 759 1611 tantum
771 1562 862 1635 opus
874 1534 1075 1637 agebantur-
1090 1539 1289 1612 necessarii
1302 1564 1349 1640 φ

283 1672 440 1757 paratus.
461 1654 635 1729 Praefatus
649 1655 769 1754 itaque
785 1651 892 1726 abbas
906 1653 1007 1727 omni
1025 1667 1200 1754 tempore
1215 1656 1350 1757 regimi-

281 1773 339 1847 nis
350 1773 404 1845 sui
419 1797 495 1845 non
510 1770 673 1871 quievit,
688 1766 749 1842 sed
763 1767 962 1841 multarum
973 1793 1097 1842 rerum
1111 1766 1351 1845 sollicitudine

282 1891 409 1964 anxius
424 1886 592 1988 subjectis
600 1902 636 1961 et
654 1886 808 1987 posteris
821 1886 958 1959 affatim
976 1885 1150 1985 profecit.
1167 1886 1352 1961 Ecclesiam

281 2033 438 2108 namque
463 2005 594 2078 claram
618 2019 655 2079 et
676 2003 851 2104 amplam,
878 2003 1015 2103 Deique
1037 2002 1236 2077 servitium
1252 2003 1352 2079 libeat

281 2121 547 2198 celebrantibus
572 2137 710 2221 aptam,
741 2120 937 2194 claustrum
963 2133 1000 2193 et
1027 2117 1260 2216 capitulum,
1277 2118 1353 2195 ἀῶ

281 2240 469 2313 mitorium
503 2253 541 2312 et
570 2236 821 2325 refectorium,
859 2234 1054 2336 coquinam
1081 2249 1121 2308 et
1149 2235 1352 2325 cellarium,

280 2355 436 2454 aliasque
473 2354 631 2427 officinas
657 2367 901 2451 competentes
935 2349 1060 2423 usibus
1090 2350 1355 2428 monachornm

279 2469 474 2543 auxiliante
498 2472 576 2542 Deo
606 2467 758 2566 perfecit
789 2495 873 2541 cum
898 2467 1059 2541 subsidio
1092 2483 1132 2541 et
1163 2468 1354 2571 largitione

279 2583 436 2658 fratrum
461 2599 497 2659 et
519 2584 732 2657 amicorum.
755 2584 976 2659 lanfrancus
993 2585 1093 2658 cuim
1116 2583 1356 2687 archiepisco·

281 2729 361 2805 pus,
376 2702 462 2774 dum
471 2702 685 2777 dedicationi
701 2702 932 2778 Cadomensis
944 2702 1101 2777 ccclesiae
1111 2705 1168 2802 (3)
1178 2728 1283 2780 auno
1295 2704 1356 2777 sci·

278 2817 365 2892 licet
380 2815 595 2892 duodecimo
608 2834 692 2919 post
703 2819 897 2919 Anglicum
909 2817 1047 2893 bellum
1064 2817 1262 2910 interfuit,
1276 2818 1357 2895 ttri-

314 3062 353 3131 (ι)
371 3059 449 3114 Nous
467 3077 551 3113 avons
571 3059 633 3130 dejt
653 3059 698 3114 dit
715 3078 771 3135 qne
791 3063 864 3115 saint
883 3049 997 3118 Erronlt
1012 3062 1072 3117 rint
1088 3060 1217 3117 s'etablir
1229 3058 1354 3119 vert-lb

278 3151 347 3207 dans
358 3151 398 3205 les
410 3161 496 3205 vastes
506 3150 639 3206 solitudcs
647 3149 683 3207 de
692 3151 717 3205 la
731 3151 803 3206 foret
815 3151 961 3220 d'Onche;
975 3153 995 3210 il
1004 3174 1022 3227 y
1033 3162 1149 3207 mourut
1157 3152 1187 3208 lc
1197 3169 1236 3229 29
1246 3152 1353 3211 &a

278 3243 329 3299 bre
341 3239 404 3316 596.
417 3240 465 3297 S’il
477 3241 638 3296 construisit
649 3259 699 3296 son
710 3241 795 3315 eglise
809 3241 933 3316 pendant
943 3261 998 3318 qne
1008 3241 1153 3316 Chilperic
1164 3251 1195 3297 et
1205 3258 1261 3299 ton
1269 3260 1353 3301 m

279 3331 444 3391 Childcbert
453 3333 598 3406 regnaicat
610 3330 668 3387 l’un
676 3343 704 3388 et
715 3332 821 3400 l'autoe,
834 3353 865 3389 oe
873 3352 909 3390 ne
919 3345 971 3408 pnt
983 3334 1043 3389 etre
1054 3350 1110 3407 que
1121 3329 1159 3389 dc
1168 3330 1236 3410 575,
1247 3336 1353 3409 ἐμω

278 3425 317 3479 ou
329 3421 494 3479 Childcbert
507 3420 622 3476 suoocda
635 3424 650 3476 t
664 3439 714 3477 son
724 3424 800 3496 ptre,
812 3425 828 3477 t
840 3420 991 3478 l'antomne
1000 3421 1035 3478 de
1046 3417 1115 3488 584,
1124 3419 1352 3497 pendantbaud

280 3514 424 3588 Cbilperic
436 3513 480 3568 fut
493 3514 634 3568 assassine.

314 3603 354 3674 (a)
373 3603 422 3657 Les
434 3601 567 3656 carridres
577 3601 616 3656 du
627 3599 805 3670 Merlcrault,
819 3599 890 3657 dont
903 3600 924 3656 il
935 3600 1017 3674 s’agit
1028 3598 1078 3663 ici,
1091 3607 1155 3654 sont
1166 3600 1185 3653 δ
1198 3598 1273 3657 neuf
1279 3598 1353 3655 mille

279 3693 363 3749 toiscs
372 3693 487 3747 environ
496 3691 532 3747 de
541 3679 759 3748 saint-taoni.
775 3693 825 3747 laes
837 3691 927 3747 milles
938 3691 1008 3747 dont
1017 3689 1036 3746 il
1046 3688 1126 3764 t’agit
1139 3688 1175 3744 ici
1188 3688 1352 3764 parabat,

280 3781 388 3855 d’aprts
403 3781 474 3851 cela,
489 3782 565 3836 avoir
577 3784 622 3837 etc
638 3779 674 3837 de
685 3781 786 3856 quinae
799 3792 876 3838 cents
886 3783 970 3837 toiset
985 3798 1022 3836 on
1035 3779 1105 3835 trois
1118 3789 1219 3853 quarta
1232 3778 1272 3836 de
1282 3778 1353 3836 tis-s

281 3869 317 3925 de
334 3879 418 3943 poste.
436 3871 486 3923 Les
499 3870 624 3924 clrcmins
643 3873 817 3943 aparcourir
830 3890 903 3945 pour
915 3870 940 3925 le
957 3878 1097 3943 transport
1114 3866 1164 3923 det
1181 3869 1292 3943 pierre
1303 3866 1353 3923 do·

280 3963 372 4017 vaient
390 3964 532 4034 presentet
548 3960 583 4015 de
598 3960 715 4034 grandes
731 3962 876 4018 difficulties
893 3960 962 4018 dans
977 3981 1032 4019 une
1045 3963 1160 4016 contrc'e
1176 3962 1253 4017 aussi
1266 3959 1352 4017 aba*

280 4052 364 4106 dante
375 4069 411 4105 ca
425 4050 486 4105 bois
496 4061 524 4105 ct
535 4069 571 4105 en
585 4054 750 4126 marcoages.

314 4136 354 4209 (5)
372 4140 452 4195 Cettc
462 4136 591 4196 dtidicacc
602 4139 715 4198 eutlicu
731 4142 756 4197 lc
773 4140 803 4199 15
814 4139 970 4217 septembre
986 4157 1060 4215 ¹⁰77·
