2768 5094
152 350 212 412 aaa
428 348 609 409 aismnn
632 346 935 411 Ecccmramaca.
1114 351 1212 431 [1074]

153 470 323 569 Anglicus
340 467 482 541 auferre
497 493 572 543 non
589 469 723 566 potuit.
739 462 796 541 lbi
814 465 956 547 Gunder
970 469 1025 565 (t)
1044 482 1081 540 et
1094 452 1216 541 Monoi

154 589 258 661 sortis
293 588 431 685 optima
436 585 599 691 ,castella
637 588 713 683 ejus
739 582 868 657 ditioni
898 574 1104 682 mbjacent,
1137 610 1214 684 que

154 703 257 777 liberi
273 708 346 800 ejus
358 686 585 775 haereditario
593 705 676 799 jure
689 726 801 799 usque
814 699 920 773 hodic
931 699 1128 799 possident.
1144 703 1214 798 lpse

153 838 272 894 autem
285 836 369 918 post
388 819 523 919 maltos
544 843 659 891 annos
678 833 840 916 tempore
857 813 994 890 Urbani
1015 844 1116 916 papae
1133 843 1216 888 cru-

154 963 231 1008 cem
250 937 393 1029 Domini
407 937 581 1034 su'sccpit,
600 952 637 1007 et
653 962 735 1007 cum
751 933 938 1008 Rodberto
952 937 1111 1008 secundo
1128 934 1217 1008 Ner·

152 1076 371 1135 mannoeum
382 1054 476 1145 duee
488 1068 614 1125 contra
628 1053 767 1124 'l'urcos
783 1052 977 1125 Jerusalem
992 1052 1165 1149 perrexit,
1184 1067 1217 1123 et

154 1172 273 1255 in,via
301 1170 365 1241 Dei
396 1169 580 1266 poenitens
605 1185 641 1240 et
669 1168 983 1267 peregrinuecum
1013 1190 1128 1240 uxore
1158 1192 1216 1238 sua

154 1287 259 1361 obiit.

202 1406 376 1504 Rogerius
400 1429 486 1477 vero
509 1405 553 1498 dc
575 1402 729 1478 Britolio
757 1429 875 1476 comes
901 1399 1152 1476 llerl'ordensia
1177 1401 1219 1472 ad

155 1522 292 1593 curiam
315 1521 408 1620 regis
429 1534 574 1592 vocatus
592 1520 710 1606 venit,
733 1535 769 1592 et
788 1520 980 1619 inquisitus
995 1517 1219 1592 manifestam

155 1639 222 1710 toti
251 1635 389 1719 mundo
418 1635 661 1734 proditionem
689 1660 818 1735 negare
845 1662 919 1710 non
944 1637 1079 1734 potuit.
1105 1636 1221 1734 lgitur

155 1755 351 1826 secundnm
362 1752 454 1850 leges
466 1750 761 1823 Normannorum
769 1749 948 1850 judicatus
958 1769 1028 1838 cst,
1045 1767 1081 1823 et
1097 1752 1221 1822 amissa

154 1872 255 1941 omni
285 1867 491 1942 haereditate
522 1883 662 1940 terrena
692 1870 728 1940 in
761 1895 901 1942 carcere
926 1869 1019 1966 regis
1046 1884 1221 1966 perpetuo

155 1987 343 2059 damnatus
367 2003 430 2059 est.
454 1985 512 2079 lbi
540 1988 648 2059 etiam
671 1989 745 2086 regi
769 1987 953 2060 multoties
976 1988 1144 2086 nequiter
1159 1985 1223 2058 de-

158 2106 285 2192 traxit,
316 2101 651 2193 ctcontumacibnt
678 2105 765 2174 actis
796 2102 1069 2202 implacabiliter
1103 2127 1222 2201 regem

156 2218 319 2292 offendit.
358 2216 449 2289 Nam
483 2218 666 2317 quondam
700 2216 787 2290 dum
820 2217 921 2318 plebs
958 2218 1022 2289 Dei
1057 2215 1223 2290 Pascbale

156 2333 288 2407 sestam
304 2359 463 2432 congrue
480 2331 698 2422 celebraret,
716 2348 752 2406 et
772 2362 833 2406 rex
850 2351 1029 2406 structum
1043 2333 1221 2433 pretiosa-

155 2477 239 2522 rum
258 2452 408 2523 rcstium
421 2452 581 2548 ,Rogerio
596 2451 721 2522 comiti
746 2478 811 2549 per
828 2451 976 2524 idoneos
996 2450 1167 2525 satellites
1183 2451 1221 2522 in

157 2567 334 2666 ergastulo
346 2567 526 2651 mitteret,
550 2566 610 2640 ille
628 2593 755 2667 pyram
776 2570 960 2668 ingentem
972 2583 1055 2640 ante
1067 2595 1104 2640 se
1118 2569 1224 2664 jussit

155 2683 369 2783 praeparari,
387 2699 425 2755 et
443 2681 574 2756 ibidem
595 2684 724 2784 regalia
741 2701 966 2772 ornamenta,
981 2684 1221 2785 chlamydem,

155 2801 375 2898 sericamque
404 2799 616 2886 interulam,
648 2814 685 2872 et
707 2825 882 2912 renopem
902 2802 959 2898 (a)
984 2800 1029 2874 de
1057 2802 1224 2899 pretiosis

156 2914 309 3016 pellibus
323 2917 598 3014 peregrinorum
608 2916 768 2988 mnrium
785 2915 906 2990 subito
918 2915 1098 2991 comburi.
1117 2916 1223 3010 Quod

155 3035 301 3107 audiens
317 3061 400 3124 rex,
419 3035 529 3106 iratus
547 3034 639 3106 dixit
663 3065 671 3104 ε
696 3034 856 3107 Multum
873 3035 1047 3139 superbus
1067 3052 1137 3122 est,
1161 3038 1226 3135 qui

156 3151 223 3224 boc
235 3150 325 3233 milri
336 3150 493 3222 dedecus
494 3153 594 3245 fecit
598 3207 611 3239 ,
631 3152 697 3223 sed
704 3178 773 3251 per
783 3151 1008 3252 splendorem
1019 3152 1093 3224 Dei
1102 3151 1161 3249 (3)
1177 3151 1226 3223 de

157 3292 300 3338 carcere
321 3292 398 3337 neco
418 3267 457 3336 in
478 3271 576 3336 omni
599 3269 675 3338 vita
698 3293 780 3338 mea
800 3294 874 3340 non
891 3268 1017 3339 exibit.
1039 3267 1223 3340 Sententia

157 3386 249 3482 regis
264 3400 336 3454 tam
350 3382 418 3455 lixa
432 3385 648 3482 permansit,
663 3384 762 3487 quod
774 3410 840 3457 nec
852 3387 959 3457 etiam
970 3400 1224 3484 postmortem

157 3502 248 3600 regis
267 3502 340 3599 ipse
356 3501 424 3571 nisi
440 3516 606 3574 mortuus
625 3500 669 3574 de
687 3502 839 3574 vinculis
855 3504 955 3574 exiit.
977 3501 1170 3577 Rainaldus
1186 3518 1223 3574 ct

156 3619 330 3716 Rogerius
354 3617 418 3688 lilii
436 3621 511 3713 ejus
530 3617 657 3716 optimi
681 3620 817 3692 tirones
835 3619 991 3691 llenrico
1006 3619 1080 3718 regi
1100 3617 1223 3690 lamu-

190 3851 199 3914 ί
206 3851 228 3917 ι)
247 3847 316 3902 Galil
331 3858 359 3901 et
374 3847 652 3903 blantsortda-Canne
666 3849 918 3918 (Ille-etl'ilaiue).

191 3937 229 4003 (a)
249 3934 325 3987 Reno
338 3953 374 3987 ou
389 3934 486 3987 ereno
503 3936 571 3988 ctait
582 3954 619 3989 un
631 3936 767 3991 vetemeut
781 3937 829 3990 tait
842 3936 877 3990 de
891 3954 993 4008 peaux,
1010 3956 1063 3992 une
1077 3940 1174 4010 espect
1187 3937 1224 3991 de

156 4020 269 4092 pelissc,
281 4021 403 4075 destinee
416 4026 430 4074 a
443 4024 553 4076 cauvrir
564 4023 589 4076 la
602 4025 689 4097 partic
702 4026 862 4098 eupcrieure
877 4024 916 4080 du
928 4043 1016 4097 corps.

190 4113 199 4165 l
202 4108 218 4163 3
221 4126 228 4176 j
249 4110 377 4163 Formule
391 4109 425 4164 dc
439 4123 557 4166 serment
574 4111 722 4168 babituclle
735 4117 749 4166 a
761 4131 791 4166 ce.
807 4115 910 4185 prinae.
