2768 5094
287 423 347 485 248
561 423 745 483 HISTORIA
767 423 1072 484 tectestlsttcl.

286 542 500 615 latinitatem
517 541 696 642 divulgata
714 559 787 630 est,
817 558 854 616 et
879 559 1024 617 nectare
1042 542 1151 617 bonae
1172 545 1352 642 opinionis

286 661 360 758 ejus
377 656 608 732 occidentalis
624 658 769 732 ecclesia
783 659 958 734 nobiliter
970 658 1131 733 debriata
1145 674 1213 733 est.
1230 662 1353 762 lugeas

287 779 324 849 in
338 776 484 850 ecclesia
500 778 666 851 Becceusi
685 776 888 852 liberalium
904 778 1044 851 artium
1053 794 1090 851 et
1104 804 1216 851 sacrae
1232 778 1354 852 lectio·

286 895 342 967 nis
354 891 513 966 sedimen
528 919 595 992 per
609 892 852 966 Laulrancum
866 895 1002 993 coepit,
1017 910 1055 968 et
1070 920 1135 994 per
1145 893 1353 968 Anselmum

286 1009 475 1110 magnifice
493 1012 627 1101 crevit,
657 1011 801 1084 atinde
824 1012 946 1111 plures
967 1013 1209 1111 procederent
1225 1017 1352 1114 egregii

285 1126 451 1202 doctores
468 1140 504 1198 et
520 1126 662 1224 providi
681 1145 802 1200 nautae
819 1154 859 1200 ac
880 1129 1082 1227 spirituales
1099 1130 1255 1231 aurigae,
1279 1133 1353 1230 qui·

285 1242 353 1316 bus
382 1244 424 1317 ad
456 1244 653 1344 regendum
685 1245 722 1316 in
755 1243 858 1344 hujus
886 1245 1007 1318 saeculi
1039 1244 1152 1320 stadio
1182 1245 1354 1319 divinitus

285 1357 434 1434 habenas
447 1362 646 1434 commissae
658 1378 744 1439 sunt
755 1359 925 1435 Ecclesiae
942 1364 1015 1461 (1).
1036 1364 1095 1437 Sic
1106 1389 1151 1437 ex
1170 1361 1276 1439 bono
1292 1390 1353 1435 usu

285 1481 322 1552 in
340 1495 482 1552 tantum
498 1486 686 1554 Beccenses
699 1478 898 1553 coenobitae
910 1482 1037 1554 studiis
1050 1482 1256 1557 litterarum
1271 1500 1352 1555 sunt

282 1597 414 1686 dediti,
436 1615 473 1672 et
487 1600 523 1672 iu
539 1600 740 1699 quaestione
756 1625 819 1673 seu
830 1598 1034 1698 prolatione
1046 1626 1235 1673 sacrorum
1248 1601 1353 1699 aenig

283 1732 423 1789 matum
440 1716 627 1790 utiliumve
644 1743 852 1790 ser-onum
870 1719 1042 1790 insistunt
1058 1715 1192 1805 seduli,
1203 1734 1247 1790 ut
1265 1744 1353 1816 pene

282 1861 409 1909 omnes
420 1835 608 1909 videantur
622 1833 846 1933 pbilosophi3
862 1851 898 1907 et
913 1862 955 1907 ex
969 1834 1217 1908 collocutione
1227 1860 1352 1908 eorum

283 1955 392 2028 etiam
415 1955 476 2054 qui
501 1954 670 2026 videntur
697 1955 793 2026 iuter
818 1979 879 2027 eos
907 1953 1088 2038 illiterati,
1116 1968 1153 2027 et
1176 1969 1352 2024 vocantur

283 2071 431 2158 rustici,
467 2070 607 2168 possint
638 2069 791 2142 ediscere
825 2067 892 2140 sibi
929 2069 1115 2143 commoda
1147 2084 1352 2168 spumantes

282 2166 521 2289 grammatici.
546 2186 766 2277 Allabilitate
782 2204 906 2259 mutua
931 2204 968 2259 et
988 2186 1147 2258 caritatis
1163 2183 1351 2259 dulcedine

285 2308 322 2379 in
344 2307 490 2378 Domini
510 2305 609 2377 cultu
625 2303 800 2402 gaudent,
819 2321 855 2378 et
872 2303 1084 2405 infatigabili
1101 2304 1299 2406 religidne,
1315 2319 1351 2375 ut

281 2451 364 2497 vera
377 2423 481 2498 docet
499 2449 559 2495 eos
571 2423 761 2522 sapientia,
778 2423 931 2521 pollent.
950 2424 1000 2496 De
1011 2422 1259 2522 hospitalitate
1271 2424 1350 2495 Bec-

284 2544 445 2615 censium
461 2542 676 2614 sullicie'nter
696 2541 815 2641 eloqui
837 2566 991 2642 nequeo.
1017 2542 1235 2642 Interrogati
1260 2543 1349 2613 Bur·

282 2658 484 2759 gtumiones
501 2673 538 2730 et
557 2658 729 2755 Hispani,
752 2656 885 2758 aliique
900 2657 944 2730 de
967 2657 1073 2756 longe
1095 2682 1158 2730 seu
1174 2656 1221 2730 de
1242 2681 1350 2757 prope

284 2773 789 2873 adventantes'respondeant,
806 2792 842 2848 et
857 2792 989 2877 quanta
1008 2773 1233 2876 benignitate
1250 2772 1351 2847 abeis

284 2895 437 2993 suscepti
454 2893 610 2975 fuerint,
628 2895 705 2966 sine
723 2893 849 2967 fraude
864 2893 1072 2993 proferant,
1091 2920 1225 2995 eosque
1247 2896 1285 2967 in
1306 2896 1352 2966 si-

283 3010 431 3083 milibus
454 3012 585 3084 imitari
610 3012 686 3085 sine
705 3009 853 3084 fictione
872 3027 1045 3112 satagant.
1064 3012 1178 3083 Jauua
1195 3010 1351 3085 Beccen·

284 3131 378 3201 sium
394 3143 493 3228 patet
508 3130 607 3202 omni
627 3130 774 3215 viatori,
793 3154 993 3228 eorumque
1011 3129 1112 3227 panis
1130 3126 1221 3200 nulli
1240 3126 1350 3201 deue-

282 3262 388 3347 gatnr
422 3247 605 3318 caritative
637 3247 789 3346 petenti.
820 3246 866 3317 Et
895 3244 982 3346 quid
1013 3245 1116 3346 plura
1146 3243 1191 3318 de
1221 3245 1348 3319 eisdem

282 3359 436 3463 loquar?
455 3363 553 3461 lpsos
571 3365 605 3434 in
626 3360 733 3435 bonis
751 3376 1017 3460 perseverantes
1037 3361 1234 3453 custodiat,
1254 3359 1348 3435 etad

284 3496 431 3580 portum
449 3479 572 3552 salutis
589 3480 788 3554 incolumes
804 3480 996 3579 perducat,
1011 3479 1073 3578 qui
1092 3479 1203 3579 gratis
1217 3481 1347 3579 coepit,

282 3597 491 3695 peragitque
508 3595 648 3668 bonum
665 3595 763 3694 quod
783 3597 820 3666 in
838 3596 887 3666 eis
904 3592 1088 3667 coruscat!

285 3812 317 3823 ,-
381 3817 392 3820 ..
458 3815 462 3819 .
492 3813 544 3820 ....
594 3811 732 3818 ...-—---
747 3810 957 3818 -.—...-.-
970 3809 1156 3818 ..-——.--

318 3942 357 4008 (1)
375 3933 695 3998 Saint1lnsclme,al›bc
713 3933 752 3985 du
773 3932 956 4007 llec(1079-6
974 3951 1048 3987 mars
1068 3931 1164 4007 1093),
1184 3937 1253 3991 eluit
1266 3938 1348 4008 ongi-

284 4031 360 4082 nairc
371 4028 484 4082 d'alostc
496 4044 530 4078 cu
542 4026 678 4077 l‘is'vncnt.
689 4024 760 4089 (Sur
771 4041 812 4077 tes
822 4041 964 4094 ouvrages,
977 4041 1057 4095 voycz
1071 4023 1212 4079 t’llistain
1222 4027 1349 4082 litteratae

284 4117 319 4172 de
341 4116 461 4177 Fanum,
486 4125 506 4166 t.
529 4117 572 4179 u).
593 4111 754 4167 Guillaumc
767 4111 802 4165 dc
822 4112 972 4175 stantfort,
994 4130 1043 4165 son
1067 4130 1226 4168 successeur
1239 4116 1271 4184 (a
1290 4114 1348 4170 aaut

288 4205 404 4280 vast-16
417 4204 483 4258 avril
503 4205 592 4271 aaran
610 4202 696 4256 Βοωιι
710 4203 908 4272 (rial-aljuin
925 4199 1010 4272 1136).
