2768 5094
140 415 355 493 [rosa-ruo]
515 415 631 481 arsen
652 413 847 491 ausurus.
1160 420 1220 480 aar

140 531 213 606 sibi
233 531 356 606 hostes
375 558 402 605 a<
440 534 576 607 llumen
603 536 745 609 Tesiam
767 537 971 635 insequitur
988 538 1065 634 (r),
1088 551 1125 612 et
1144 537 1220 610 avia

140 651 369 750 perrumpit,
388 675 549 751 quorum
571 653 741 751 asperitas
762 651 945 728 interdum
963 653 1121 752 peditem
1137 679 1221 729 eum

140 767 198 839 ire
225 767 425 868 compellit.
452 769 569 870 Super
591 771 734 844 Tesiam
759 771 885 845 sedens
910 770 1118 872 quindecim
1145 771 1222 847 dies

140 887 334 985 transegit.
354 883 423 957 ‘lbi
458 886 682 960 reconciliati
720 901 804 959 sunt
841 886 1035 962 Guallerus
1065 912 1223 988 praescus

139 1018 180 1075 et
213 1001 326 1075 Gaius
356 1004 531 1077 Patricius
556 1002 707 1091 absens,
744 1022 967 1079 sacramento
992 1032 1058 1105 per
1089 1004 1223 1104 legatos

140 1118 324 1194 exhibito.
348 1122 488 1194 Horum
506 1119 615 1221 paulo
632 1138 716 1195 ante
731 1121 1010 1197 contubernales
1025 1126 1102 1222 jam
1126 1123 1224 1223 peri·

140 1236 367 1311 clitabautur
392 1238 503 1324 Daui,
535 1253 575 1310 ut
600 1240 677 1340 vagi
707 1240 834 1340 piratae
860 1237 1030 1312 lluctibus
1052 1255 1089 1314 et
1107 1240 1223 1314 ventis

140 1354 280 1451 jactati.
299 1352 534 1453 Urgebateos
547 1380 624 1430 nou
637 1356 758 1430 miuus
770 1354 882 1428 fames
893 1381 1004 1456 quam
1017 1370 1221 1456 tempestus.

140 1471 228 1543 Pars
251 1471 441 1571 naufragio
465 1473 585 1571 periit.
612 1473 757 1547 Residui
789 1468 900 1547 vitam
925 1474 1094 1547 vilissima
1120 1473 1224 1573 pnite

140 1586 413 1675 sustentabant,
438 1614 503 1663 nec
521 1588 639 1664 solum
660 1589 793 1663 milites
815 1591 988 1690 gregarii,
1008 1615 1137 1664 veram
1151 1591 1220 1690 ipsi

140 1728 290 1806 quoque
315 1706 517 1807 principes,
544 1708 694 1781 comites
719 1723 827 1809 atque
855 1707 1058 1808 pontifices.
1088 1710 1222 1784 Carnes

143 1823 288 1919 penitus
312 1823 540 1911 defecerant,
566 1822 699 1924 quibus
723 1824 786 1898 diu
813 1823 969 1898 rancidis
996 1851 1037 1898 ae
1066 1823 1224 1924 putridis

143 1937 396 2013 vescebantur.
425 1938 555 2039 Egmdi
581 1939 625 2013 ad
648 1939 952 2040 comportandum
977 1942 1120 2041 rapinas
1144 1966 1220 2014 uon

143 2056 344 2146 audebant,
370 2082 488 2157 neque
514 2057 616 2130 littus
638 2072 790 2157 propter
815 2057 1015 2132 incolarum
1043 2072 1221 2131 terrorem

145 2173 283 2272 aptam
307 2175 498 2273 attingere.
524 2173 689 2248 Tandem
706 2200 849 2274 magna}
867 2174 986 2246 classis
1003 2174 1141 2273 exiguae
1159 2196 1221 2247 ro·-

144 2288 268 2389 liquiae
288 2292 433 2364 Daciam
457 2293 703 2391 repetierunt,
721 2307 757 2366 et
772 2294 895 2368 Sueno
917 2291 1076 2392 segieno
1092 2315 1218 2389 magna

140 2408 350 2481 discrimina
367 2432 450 2509 quae
466 2411 621 2510 perpessi
638 2426 742 2498 sunt,
757 2409 978 2509 nimiamque
994 2407 1219 2480 ferocitatem

143 2521 322 2611 bostium,
344 2550 567 2627 suorumque
584 2527 726 2599 ruinam
742 2525 918 2602 sodalium
938 2524 1108 2599 llebiliter
1123 2539 1219 2598 retu·

141 2640 276 2714 lerunt.

192 2761 315 2835 Mense
333 2764 502 2861 januario
527 2789 589 2836 rex
618 2763 835 2838 Guillelmus
860 2760 1138 2861 Haugustaldam
1160 2759 1217 2856 (a)

142 2876 393 2950 revertebatur
407 2877 427 2952 ia
450 2881 553 2956 Tesia
565 2934 576 2969 ,
590 2881 646 2952 viu
667 2907 750 2979 quoe
767 2878 938 2957 hactenus
951 2878 1125 2952 exercitui
1140 2891 1217 2952 erat

142 2995 337 3081 intentata,
353 3022 423 3097 qua
434 2995 565 3071 crebro
576 2997 776 3069 acutissima
782 3000 866 3097 juga
879 3011 916 3070 et
926 2994 1074 3068 vallium
1087 2992 1218 3067 humil·

140 3110 238 3182 limas
252 3111 367 3198 sedes,
384 3137 468 3184 cum
481 3113 610 3186 vicinia
624 3113 817 3186 serenitate
831 3138 938 3185 verna
954 3108 1103 3210 gaudet,
1124 3108 1216 3183 nivi·

140 3224 207 3300 bus
216 3227 492 3327 compluuntur.
507 3230 555 3302 At
571 3230 630 3304 ille
645 3232 682 3304 iu
699 3231 877 3304 acerrimo
888 3229 1014 3304 hiemis
1024 3228 1107 3328 gelu
1120 3242 1216 3300 uari·

140 3348 247 3435 sirit,
267 3348 479 3447 animosque
499 3348 658 3422 militurn
680 3348 910 3453 confirmarit
935 3374 997 3420 sua
1018 3347 1212 3420 alacritate.

141 3462 234 3535 lllud
253 3465 322 3535 iter
334 3463 533 3540 difficulter
546 3485 732 3565 peractum
755 3481 830 3558 est,
854 3467 985 3567 inquo
1001 3464 1216 3565 sonipedum

141 3583 272 3679 ingens
285 3581 389 3653 ruina
406 3581 499 3655 sacta
516 3598 582 3656 est.
607 3584 747 3657 Anxius
765 3609 834 3683 pm
852 3609 913 3656 sus
932 3583 1086 3683 quisque
1102 3580 1216 3655 salute

140 3701 280 3786 estitit,
302 3700 514 3804 dominique
535 3728 663 3801 parum
685 3717 747 3774 aut
770 3702 875 3775 amici
901 3701 1083 3775 meminit.
1110 3702 1150 3774 ln
1175 3725 1215 3776 en

140 3816 348 3889 dillicultate
374 3844 437 3890 rex
463 3843 546 3890 cum
570 3820 663 3891 senis
692 3833 836 3892 tantum
857 3816 1041 3918 equitibus
1068 3815 1214 3891 aberre-

192 4121 215 4179 s)
236 4113 270 4165 la
281 4113 360 4175 Tres,
374 4115 477 4168 risiare
488 4114 538 4188 qui
550 4119 645 4186 separe
654 4113 680 4167 le
690 4117 782 4168 comte
794 4111 897 4166 d’l'ork
908 4110 1023 4166 deorlui
1033 4110 1068 4166 de
1080 4109 1216 4165 Durbsm.

175 4207 216 4269 ta)
236 4199 1218 4274 llerbamlllostbunsbedend).Pentetredemitonlire·Bbomum’
