2768 5094
287 349 345 409 toa
556 347 741 408 HISTORIA
766 347 1073 409 Eecuxsnsncs.

279 472 382 566 jutor
399 467 560 539 extiterit
583 464 732 538 Ernaldi
751 465 796 540 dc
813 466 1023 559 Excalfoio,
1040 466 1132 540 dum
1152 469 1346 545 incendus

285 588 440 685 burgum
464 610 604 659 eorum.
633 585 683 656 Et
707 583 893 658 monachis
917 585 1000 659 inde
1025 584 1287 661 rectitudinem
1308 586 1347 661 h·

283 705 400 789 ciens,
419 728 527 801 super
546 701 657 774 altare
674 701 922 775 vadimonium
944 729 1051 775 suum
1066 707 1214 802 posuit,
1238 721 1278 778 et
1295 703 1348 780 de·

283 834 387 905 vote,
407 818 435 890 si
453 843 624 917 prospere
642 833 837 905 remcaret,
854 817 968 889 multa
985 819 1169 917 promisit.
1190 818 1350 895 Goisher·

179 1028 184 1039 .
284 954 360 1009 tum
377 962 523 1036 quoque
544 933 722 1008 medicum
742 963 846 1010 suum
866 938 994 1036 (quem
1013 937 1175 1010 multum
1197 938 1348 1035 amabat)

166 1067 173 1081 '
281 1056 331 1127 eis
348 1054 634 1139 commendavit-3
655 1055 717 1154 qui
738 1071 821 1153 post
837 1054 1105 1154 profectionem
1122 1058 1203 1154 ejus
1218 1083 1239 1130 e
1255 1059 1350 1131 sesti-

280 1176 341 1270 gio
356 1172 597 1247 monachilem
615 1171 705 1246 inibi
725 1172 985 1272 professionem
1004 1172 1109 1261 fecit,
1129 1191 1169 1247 et
1186 1174 1350 1277 nsquesd

282 1289 392 1363 linem
405 1289 489 1361 vitoe
501 1287 577 1362 sere
591 1313 669 1361 xxx
684 1289 789 1360 annis
800 1306 946 1362 strenue
959 1287 1169 1362 custodivit.
1184 1289 1350 1378 Preietos

283 1405 388 1479 heros
404 1420 486 1504 post
502 1403 649 1505 aliquod
665 1419 805 1503 tempus
824 1405 976 1479 domum
992 1405 1123 1497 rediit,
1144 1432 1350 1508 memorque

281 1524 484 1622 sponsionis
504 1549 578 1595 snae
595 1523 742 1596 Uticam
761 1525 880 1611 venit,
903 1538 940 1597 et
956 1522 1042 1597 duas
1061 1523 1254 1599 vinearum
1269 1528 1351 1628 agri·

284 1667 440 1740 pennas,
470 1666 557 1739 quas
580 1638 674 1739 apud
699 1641 875 1714 Toeniam
902 1641 960 1738 (ι)
985 1637 1157 1729 habebat,
1186 1640 1235 1715 nd
1256 1669 1351 1716 nsum

284 1758 473 1829 missarum
507 1757 546 1828 S.
584 1753 742 1830 Ebrulso
775 1755 887 1830 dedit.
929 1756 1071 1830 Annuit
1105 1757 1220 1830 etiam
1252 1758 1351 1859 qnid·

282 1874 372 1975 qnid
399 1873 444 1947 ad
470 1872 754 1948 Guarlenvillam
772 1870 957 1947 habebat:
991 1888 1124 1947 terram
1154 1875 1352 1950 scilicetne

282 1992 514 2091 pasnagium
550 1993 596 2062 ita
629 2005 672 2062 ut
708 1991 868 2090 primum
899 1991 1108 2090 pasnagium
1138 1989 1350 2066 famulorum

281 2137 357 2184 non
385 2110 552 2196 daretur,
579 2108 776 2184 secuudum
803 2134 890 2183 vero
918 2108 976 2182 vel
1009 2109 1158 2183 tertium
1189 2108 1350 2196 daretur,

280 2229 545 2303 monachorum
572 2245 692 2303 autem
722 2227 865 2303 nullum
892 2225 1054 2301 duretur.
1082 2233 1262 2304 Praenm
1289 2244 1354 2302 tres

283 2347 439 2447 hospites
464 2344 650 2419 monachis
678 2344 811 2419 dedit:
845 2371 963 2418 unum
992 2341 1171 2432 conchis,
1204 2344 1354 2420 alterum

282 2465 451 2551 Toeniae,
489 2465 640 2536 tertium
667 2488 754 2536 vero
780 2461 985 2537 Achinneio
1021 2463 1108 2562 (2),
1138 2489 1251 2564 qnem
1287 2464 1355 2538 Ge·

284 2579 408 2654 roldus
432 2579 676 2653 Guastinellus
703 2578 747 2655 de
773 2606 817 2654 eo
850 2596 1037 2668 tenuerat,
1067 2597 1104 2656 et
1131 2579 1241 2656 heato
1266 2582 1354 2681 pstn'

285 2695 438 2769 Ehrulso
460 2710 591 2795 sponte
610 2694 769 2770 dederat.
791 2697 892 2771 Idem
914 2696 1095 2772 liudulfus
1114 2714 1199 2799 post
1221 2698 1355 2801 :liquot

283 2811 641 2888 anrrosGoisbertum
652 2812 1099 2916 monachuminhngliam
1108 2815 1354 2904 secumduxit,

285 2957 400 3031 eoque
417 2946 637 3029 procurante
654 2929 841 3005 monachis
854 2929 1085 3006 Uticensibm
1100 2932 1188 3006 dms
1204 2934 1357 3008 mansio-

286 3075 348 3123 nes
361 3045 460 3120 dedit
478 3077 487 3121 :
508 3073 616 3120 unum
630 3048 768 3120 scilicet
781 3049 818 3121 in
835 3047 1005 3139 Nortfuc,
1023 3075 1108 3149 quae
1122 3066 1276 3124 vocatur
1285 3050 1358 3124 cal-

286 3165 411 3238 decota
423 3166 497 3262 (3);
510 3164 659 3239 alteram
673 3191 760 3239 vern
778 3167 816 3238 in
830 3167 1068 3268 Wigornensi
1084 3168 1275 3269 provincia
1289 3171 1356 3268 (h),

287 3311 370 3384 quae
393 3282 528 3355 dicitur
547 3282 772 3359 Alwintona.
802 3286 888 3358 lloec
912 3286 1035 3359 omnia
1057 3286 1275 3360 Guillelmus
1298 3314 1356 3360 rex

287 3401 481 3488 concessit,
508 3415 545 3472 et
572 3401 609 3473 in
638 3416 735 3473 carta
764 3427 886 3475 coram
912 3398 1125 3502 proceribus
1152 3402 1226 3475 suis
1251 3403 1356 3504 regali

286 3520 499 3593 auctoritate
521 3517 763 3592 confirmarit.
789 3518 975 3594 Elisabeth
994 3521 1103 3594 etiam
1122 3518 1267 3621 proefnti
1291 3522 1359 3594 mi·

321 3794 359 3861 (r)
378 3790 478 3845 Toeni.

321 3884 360 3950 (a)
379 3880 527 3963 hcquigpi.

321 3965 360 4040 (5)
379 3966 542 4034 Caldesote,
557 3968 625 4023 dans
640 3968 665 4021 le
678 3967 803 4024 Nor-solt.

320 4061 328 4123 (
336 4061 359 4127 l)
378 4056 565 4127 Aujourrl’hni
582 4057 680 4124 Alton,
695 4056 763 4113 (lans
775 4059 799 4113 h
811 4062 931 4132 paroisse
945 4060 980 4116 de
991 4060 1069 4116 Nocls
1083 4063 1093 4132 l
1100 4060 1355 4133 Woroestenlsirel.
