2768 5094
136 394 291 471 aaron]
456 390 775 455 ermerannus.
1115 398 1156 457 77

136 528 205 587 tem
225 510 442 587 Tendericns
459 513 597 588 mundo
613 512 855 602 substractus,
874 515 1023 616 Deoqne
1041 515 1159 590 dona-

136 657 167 717 r,
192 653 269 701 nvn
290 630 395 702 annis
418 630 455 703 in
479 627 674 706 monachili
700 628 882 705 schemate
901 629 1011 715 vixit,
1037 644 1074 706 et
1094 657 1161 731 per
1295 686 1303 701 .

136 745 246 846 igulos
261 745 391 847 gradus
409 772 520 850 nsque
534 747 579 821 ad
597 746 835 822 sacerdotium
859 746 1017 848 legitime
1034 774 1159 822 ascen·

136 891 172 938 ns
189 864 339 940 honeste
357 866 433 942 Deo
448 867 632 941 militavit.

136 981 273 1056 Eodem
289 998 450 1083 tempore
461 984 576 1057 Wido
590 1001 834 1086 cognomento
850 983 989 1059 Bollein
1004 983 1155 1059 senioris

136 1099 210 1173 coii
232 1123 414 1199 pronepos
435 1126 518 1174 cnm
542 1100 722 1177 Hodierna
743 1104 897 1201 conjuge
919 1127 980 1174 sna
1007 1100 1046 1174 in
1064 1125 1158 1200 pago

136 1211 325 1290 rboniensi
346 1214 611 1292 honorabiliter
633 1216 797 1319 vigebat,
819 1218 914 1291 etin
935 1214 1064 1291 ordine
1084 1222 1159 1290 mi-

136 1332 182 1403 tri
209 1330 345 1407 divitiis
370 1332 561 1434 ampliatus
590 1359 670 1408 rem
695 1360 795 1408 snam
821 1331 970 1408 honeste
996 1328 1155 1432 regebat.

136 1447 179 1520 tic
195 1464 299 1522 erant
312 1449 434 1549 plnres
451 1450 515 1525 lilii
532 1482 541 1524 ε
559 1451 791 1527 Normannus
807 1467 844 1527 et
857 1450 1079 1540 walterius,
1093 1451 1157 1550 qui

136 1563 226 1638 litiae
248 1565 432 1641 laboribus
448 1568 716 1660 deservierunt,
734 1568 945 1645 Goislredus
962 1594 1109 1670 qnoque
1121 1583 1159 1641 et

136 1680 301 1757 illermus
316 1700 561 1784 cognomento
573 1682 790 1784 Gregorius,
803 1685 866 1785 qui
881 1684 1011 1758 litteris
1027 1681 1157 1759 imbuti

136 1823 234 1871 mma
264 1799 452 1878 sacerdotii
482 1802 576 1875 nacti
606 1818 706 1877 sunt.
732 1801 907 1876 Praefatur
931 1800 1037 1875 wido
1065 1815 1158 1874 nutu

136 1914 149 1986 i
172 1930 210 1990 et
233 1917 406 1991 instinctu
433 1917 608 1993 liodberti
634 1917 794 2006 abbatis,
823 1918 966 2018 cognati
992 1916 1159 1991 videlicet

136 2034 161 2120 i,
180 2032 366 2109 Uticenses
388 2036 545 2109 multum
566 2035 713 2119 dilexit,
728 2052 766 2110 et
781 2034 1018 2109 Willermum
1041 2033 1157 2108 filium

136 2175 212 2240 nm,
232 2153 294 2253 qni
317 2167 405 2226 tunc
422 2153 536 2228 ferme
555 2179 688 2230 novem
706 2179 889 2228 annorum
904 2167 1000 2240 emt,
1019 2151 1158 2225 mundo

136 2267 228 2368 »ique
249 2268 443 2358 abdicavit,
461 2274 611 2372 Deoqne
628 2268 696 2344 snb
721 2268 914 2345 monachili
933 2271 1023 2370 jugo
1043 2268 1081 2342 in
1100 2293 1157 2341 ec·

136 2386 189 2459 nia
204 2386 364 2461 Uticensi
380 2388 620 2478 serviturum,
641 2388 680 2461 in
697 2387 754 2463 die
770 2386 973 2463 festivitatis
990 2385 1155 2461 omnium

136 2519 303 2581 notorum
313 2505 471 2580 tradidit.
484 2505 813 2581 ‘l'nncWillermus
824 2503 1042 2606 Praepositns
1056 2502 1157 2576 miles

136 2623 268 2722 regius,
289 2623 454 2723 praedicti
474 2625 576 2724 pueri
596 2623 814 2715 aruncnlns,
837 2622 1021 2697 ecclesiam
1034 2619 1079 2696 de
1092 2618 1158 2692 At-

136 2766 198 2814 ron
214 2742 369 2840 (1)cnm
383 2741 555 2817 totavilla
575 2744 710 2819 Sancto
730 2740 884 2818 Ebrnlfo
902 2738 1022 2829 dedit,
1042 2755 1079 2812 et
1097 2764 1157 2829 se,

136 2872 275 2960 tamque
299 2857 607 2936 substantiarum
628 2875 770 2963 partem
794 2861 832 2935 in
856 2860 930 2934 fine
951 2881 1017 2932 sno
1041 2854 1158 2931 eidem

136 2988 246 3048 trono
260 2973 416 3051 fideliter
427 2976 586 3053 devovit.
602 2975 727 3052 Gratia
741 2977 806 3051 Dei
819 2974 1055 3051 Willermum
1069 2999 1159 3073 pue·

136 3117 174 3164 m
187 3088 294 3167 bonis
308 3093 470 3169 moribus
481 3095 687 3185 adornavit,
703 3111 741 3171 et
758 3096 796 3169 in
810 3090 917 3169 bonis
931 3092 1057 3167 studiis
1071 3090 1159 3191 aigi·

136 3227 226 3285 rtem
242 3214 376 3302 ellecit3
396 3215 491 3290 unde
507 3242 526 3289 a
540 3215 698 3316 praelatis
713 3216 785 3288 suis
801 3214 999 3315 Gregorius
1015 3234 1157 3311 cogno-

136 3327 224 3401 inari
237 3330 382 3403 meruit.
400 3331 467 3403 llic
488 3331 525 3404 in
542 3330 681 3432 gremio
698 3345 831 3403 sanctae
849 3329 973 3403 matris
989 3325 1158 3401 Ecclesiae

136 3443 283 3545 ligenter
305 3444 496 3535 educatus,
518 3463 555 3521 et
577 3447 730 3521 omnino
753 3472 773 3518 a
797 3444 922 3518 mnndi
948 3442 1103 3542 strepitu
1121 3455 1159 3515 ct

136 3560 225 3633 mali
245 3561 332 3635 lnxn
349 3577 533 3655 remotus,
555 3562 635 3636 utili
658 3562 830 3651 scientia,
848 3586 931 3662 qnae
953 3554 1158 3658 hujusmodi

136 3676 260 3752 etate
272 3676 354 3751 liliis
367 3680 521 3753 maxime
532 3685 720 3779 competit,
735 3675 908 3752 nobiliter
919 3675 1054 3751 ilornit
1067 3672 1158 3747 Nam

137 3796 230 3869 ritns
251 3795 366 3870 lector
391 3795 461 3868 fuit
483 3812 519 3870 et
541 3813 681 3885 cantor,
706 3795 979 3897 principumque
1004 3791 1161 3892 scriptor

150 3909 329 3984 librorum
355 3912 591 3988 illuminator.
610 3912 727 4013 Opera
749 3937 921 3987 mannum
942 3913 1017 4009 rjns
1039 3906 1083 3982 ad
1107 3905 1161 3980 le-

143 4169 166 4227 t)
182 4162 617 4235 Salat-Armilindcs·bngerons
