2768 5094
293 364 354 421 322
569 356 750 415 lttsToutt
775 354 1078 415 ucetutstssttcs.
1264 358 1351 433 [imo

294 485 465 553 intentum
487 478 557 549 sibi
576 480 711 551 crimen
733 477 902 571 itfieians
928 476 987 547 oei
1009 502 1171 575 negans,
1181 476 1286 573 ferri
1299 477 1351 573 ju·

293 600 389 670 dicio
408 597 633 668 convincitur
646 597 815 696 (excepta
835 597 905 666 Dei
923 595 1069 689 tn’oia),
1089 592 1273 663 similiter.
1292 592 1351 689 (tut

189 731 198 750 ·
284 717 444 814 justitia
455 716 634 801 resistens,
647 712 959 784 excommunicati
970 736 1010 781 se
1014 712 1169 809 patitur,
1185 708 1349 780 simibus.

341 828 674 900 Parrocln'anorum
690 831 844 899 crimina
859 830 1030 927 episcopo
1042 828 1287 927 pertinentia,
1303 824 1350 895 uin

293 948 515 1019 consuetudo
525 944 626 1044 suit,
651 949 902 1047 episcoporum
918 946 1068 1043 judicio
1091 946 1349 1018 examinentur.

342 1067 387 1135 Si
404 1063 640 1135 contradictio
651 1064 1028 1161 judicationissisela¹
1030 1056 1162 1155 fitero.
1183 1078 1271 1132 ante
1287 1063 1349 1161 epi·

292 1207 438 1279 ¹uopnm
457 1179 661 1277 destinatur.

340 1296 385 1366 Si
394 1296 497 1391 serni
505 1293 691 1393 judicium
730 1296 824 1366 uerit
837 1294 1069 1393 judicatam,
1090 1293 1198 1393 apud
1212 1311 1348 1364 matrem

291 1413 481 1486 ecetesiam
504 1300 750 1624 terminlt‘

340 1530 385 1602 Si
404 1530 524 1629 plana
543 1529 605 1600 lea
753 1529 805 1599 da
822 1530 889 1598 en‘t
895 1584 907 1615 ,
929 1528 984 1597 ibi
991 1528 1070 1619 fiat
1094 1528 1157 1597 ubi
1180 1527 1349 1627 placitum

286 1651 390 1748 prius
403 1649 492 1740 suit.

337 1766 383 1835 In
398 1762 596 1863 parrochia
612 1762 774 1863 episcopi
790 1765 867 1832 sine
885 1761 1033 1834 licentia
1050 1763 1132 1861 ejus
1148 1761 1275 1834 nullus
1289 1789 1350 1834 no·

288 1880 374 1951 dent
394 1879 611 1980 proditore.

340 1998 420 2095 Qui
442 1998 481 2067 in
506 1995 705 2097 pradictus
734 1994 862 2093 culpas
889 1994 1073 2083 inciderit,
1103 2000 1137 2066 si
1159 2012 1290 2095 sponte
1307 1996 1352 2067 od

282 2113 538 2215 poenitontiam
551 2114 707 2196 venerit,
718 2113 938 2211 pauitantia
953 2113 1072 2213 eipso
1090 2112 1270 2210 qualitate
1286 2114 1352 2183 cn'·

287 2233 394 2302 minis
412 2231 639 2329 injungatur,
661 2244 695 2299 ot
707 2230 871 2327 pecnnia
889 2228 1097 2300 nullatenus
1114 2232 1300 2327 exigatur.

335 2350 376 2418 Si
399 2348 517 2418 laicus
540 2363 685 2444 raptum
707 2348 745 2417 in
766 2347 859 2415 atrio
867 2342 1024 2443 feeerit,
1046 2351 1218 2445 episcopo
1234 2372 1352 2419 emen-

286 2463 403 2534 dabit.
423 2463 451 2533 S
453 2465 468 2531 i
482 2487 568 2531 veno
583 2459 679 2531 alibi
681 2458 836 2559 jecerit,
852 2486 1078 2561 quocumque
1091 2461 1351 2561 modojaciat,

286 2582 475 2679 episcopus
493 2575 586 2647 nibil
601 2574 758 2647 babebit.

343 2722 397 2767 ια.
428 2696 508 2767 Has
539 2694 818 2765 consuetudines
846 2694 1005 2769 babeant
1030 2700 1198 2799 episcopi
1221 2700 1262 2772 iu
1286 2698 1356 2771 iliis

286 2817 396 2904 Iocis,
424 2815 462 2885 in
484 2812 615 2911 quibus
639 2840 703 2884 eas
712 2869 725 2901 ,
754 2831 912 2914 tempore
936 2815 1112 2887 liodberti
1135 2820 1277 2889 corruitis
1301 2816 1358 2889 uel

288 2930 480 3003 th'llalmi
495 2930 611 3027 regis,
639 2932 721 3028 ejus
745 2934 990 3020 concessione,
1018 2932 1194 3007 bactensis
1214 2934 1357 3007 babue-

284 3063 380 3119 runt.
413 3050 507 3143 Qua
531 3074 618 3117 uero
647 3050 770 3144 quieta
786 3046 964 3143 juerant,
994 3076 1076 3121 eam
1108 3052 1354 3149 quietudinem

284 3165 465 3251 babeant,
490 3190 599 3261 quam
625 3163 696 3235 bne
720 3192 831 3261 tuque
854 3167 973 3239 solide
997 3184 1197 3241 tenuerunt.
1225 3170 1273 3241 In
1300 3171 1355 3241 bis

284 3282 450 3353 omnibns
463 3281 618 3381 justitiis
644 3296 677 3351 et
700 3283 1025 3356 consuetudinibus
1048 3310 1115 3357 rea·
1136 3284 1209 3359 sibi
1229 3290 1356 3361 retinet

285 3398 384 3497 qnod
403 3396 475 3469 buc
496 3424 609 3494 usqne
630 3397 769 3469 babuit.

335 3516 377 3587 Si
390 3514 578 3616 presbrtet·
592 3514 735 3585 donu'ni
749 3523 808 3587 sni
821 3516 1009 3616 judicium
1026 3518 1291 3593 contradicent
1306 3518 1354 3591 de

285 3632 533 3704 ecclesiastica
543 3658 673 3718 consa,
685 3647 719 3703 et
728 3658 824 3715 enm,
838 3635 876 3703 in
887 3638 1030 3707 curiam
1041 3638 1210 3739 episcopi
1216 3634 1350 3727 eundo,

285 3752 421 3847 injuste
429 3746 603 3847 jittigare
612 3752 768 3843 jecerit,
789 3750 938 3825 domino
953 3780 1024 3827 suo
1040 3780 1063 3827 x
1080 3752 1218 3827 solidos
1234 3782 1351 3829 emen·

285 3866 402 3936 tiabit.

335 3986 375 4049 Si
391 3982 555 4079 episcopi
571 3981 735 4078 aliquid,
756 3984 856 4082 qnod
873 3985 932 4059 bie
949 4014 1019 4060 non
1036 3991 1084 4059 sit
1095 3992 1291 4091 scriptam,
1314 3992 1353 4059 in

283 4099 377 4193 rogis
405 4097 507 4166 ‹uo-ia
537 4113 736 4169 namstrare
758 4120 913 4199 possunt
936 4130 975 4173 se
999 4102 1170 4177 imbuisse
1193 4122 1355 4205 tempore
