2768 5094
453 416 569 481 usus
590 416 775 496 coimus.
1084 419 1145 484 scr

140 540 177 612 is
192 540 270 613 suis
290 554 329 613 et
347 536 394 612 de
418 538 496 612 aliis
521 537 769 629 facultatibus3
795 554 1003 614 reverenter
1026 539 1072 613 ab
1097 543 1146 617 eis

140 672 278 732 oratur
301 655 396 731 ordo
413 657 656 746 monasticus,
683 673 720 731 et
743 658 782 730 in
806 659 935 732 mortis
954 673 1056 732 metu
1079 685 1148 758 pro

140 804 203 851 nae
217 773 382 849 subsidio
399 775 486 850 totis
501 775 683 875 expetitur
698 772 898 849 affectibus.
923 774 1060 849 {bidem
1077 778 1149 848 mi-

140 920 152 965 ι
164 892 365 965 claustrum
380 906 523 966 servant
533 917 618 967 cum
630 889 835 979 monachis,
850 917 945 991 soepe
957 890 1002 965 de
1014 894 1150 993 practi-

140 1008 246 1082 simui
261 1022 420 1082 tractant
432 1023 470 1083 et
482 1007 666 1084 theoricis.
683 1009 743 1081 Sic
759 1007 880 1083 schola
893 1006 937 1082 fit
949 1010 1149 1084 viventium

140 1124 311 1225 csugium
326 1124 577 1199 morientium.

140 1241 310 1339 dempore
324 1240 422 1315 Petri
438 1240 591 1315 senioris
606 1240 802 1314 Mainerius
818 1237 926 1313 abbas
939 1239 1148 1341 Philippum

140 1382 193 1430 sm
210 1356 440 1431 Francorum
455 1356 624 1456 expetiit,
642 1370 678 1430 et
703 1382 760 1430 res
784 1357 822 1430 in
839 1380 952 1457 regno
969 1360 1045 1456 ejus
1060 1357 1147 1430 Uti-

140 1471 240 1545 sibus
264 1471 364 1546 datas
390 1470 577 1547 humiliter
601 1472 647 1545 ub
674 1498 718 1548 co
743 1473 944 1575 requisivit.
972 1473 1037 1547 llle
1062 1499 1148 1549 vero

144 1590 283 1691 igniter
298 1616 336 1663 ea
347 1642 359 1678 ,
377 1614 461 1691 quoe
479 1588 559 1663 data
576 1607 703 1677 erunt,
722 1591 920 1679 concessit;
939 1614 1071 1692 cosque
1085 1593 1148 1692 qui

140 1732 193 1779 nn
217 1722 325 1779 erunt
337 1760 349 1795 ,
379 1721 421 1778 ut
442 1705 685 1780 abundantius
707 1706 859 1796 darent,
891 1706 1088 1781 clementer
1113 1726 1151 1783 et

140 1823 243 1896 niter
254 1821 460 1897 admonuit.
475 1824 553 1899 Hoc
568 1823 606 1897 in
622 1823 751 1897 itinere
769 1824 867 1896 inter
877 1824 1083 1923 Speonnsm
1095 1822 1152 1922 (i)

140 1939 343 2015 tlsdantum
358 1938 495 2014 factum
508 1956 575 2015 est.
593 1940 730 2015 Deinde
747 1956 912 2041 tempore
924 1941 1020 2015 Petri
1030 1942 1154 2038 junio-

141 2057 349 2134 Lndovicus
364 2083 430 2133 rex
445 2059 617 2133 Manlium
633 2060 735 2134 venit
745 2112 757 2148 ,
783 2074 820 2134 et
843 2060 881 2133 in
898 2057 1064 2134 eumdem
1082 2060 1153 2133 Pe-

140 2202 172 2247 m
189 2202 263 2275 pro
279 2173 497 2276 quibusdam
516 2175 675 2249 restibus
696 2175 884 2253 insolentis
900 2178 1062 2275 juventus
1080 2176 1153 2247 iro-

142 2346 153 2380 ,
188 2291 368 2391 lapideam
402 2294 667 2381 munitionem,
692 2319 763 2395 qua
785 2291 945 2393 prudens
973 2292 1154 2367 Ansoldus

140 2436 225 2483 omn
244 2435 346 2482 snam
365 2411 548 2503 cinxerat,
570 2437 653 2483 cum
674 2412 747 2511 ipsa
762 2409 874 2485 domo
890 2409 1031 2507 dejecit.
1046 2411 1152 2483 Tunc

140 2554 167 2599 n
189 2554 254 2601 rex
281 2526 479 2628 hospitium
501 2528 540 2601 in
561 2526 673 2602 domo
692 2526 955 2601 monachorum
973 2526 1149 2626 suscepit,

140 2672 279 2747 ponsque
290 2662 455 2745 tempore
469 2647 579 2718 trium
593 2646 847 2721 dominorum:
859 2643 971 2732 Petri,
982 2642 1150 2729 Anscldi,

140 2764 297 2861 uinaque
320 2763 419 2837 Petri
443 2761 523 2835 dats
546 2762 596 2835 eis
617 2760 783 2848 fuerant,
800 2758 856 2833 vel
879 2760 945 2858 ipsi
966 2774 1149 2846 emerunt,

140 2880 183 2953 ali
198 2880 432 2954 concessione
444 2879 687 2953 confirmavit.
701 2879 808 2950 Tunc
817 2874 999 2947 Guarinus
1012 2875 1154 2975 sagien·

155 2998 214 3068 tir
226 2996 378 3069 conidus
393 3011 430 3069 et
447 2994 540 3069 bene
553 2995 747 3081 litteratus,
763 2991 966 3092 prioratum
985 2986 1150 3078 hahebat,

140 3115 300 3214 vitioque
316 3139 383 3188 suo
400 3131 437 3188 ct
457 3112 623 3186 familiari
644 3109 831 3210 colloquio
853 3135 871 3179 a
893 3133 975 3207 rege
995 3109 1155 3180 sanctio-

140 3258 158 3303 u
185 3231 306 3327 exegit
326 3231 491 3303 omnium
511 3256 633 3303 rerum
644 3283 655 3317 ,
674 3251 763 3328 quas
780 3224 895 3298 eidem
918 3225 1001 3297 loco
1017 3250 1155 3322 procu·

140 3362 246 3421 crunt
270 3345 482 3421 Gcisbertus
505 3360 543 3419 et
567 3342 844 3431 Guidmundus,
878 3339 1094 3413 Guillelmus
1118 3357 1154 3414 et

140 3490 203 3563 go,
228 3462 343 3536 David
368 3479 404 3535 et
431 3460 658 3551 Rannutsus,
680 3460 815 3559 aliique
835 3459 976 3559 priores
998 3457 1155 3557 ejusdem

141 3579 201 3655 toe.
220 3580 307 3653 Haec
323 3578 369 3653 de
388 3578 522 3653 Manlia
541 3580 581 3652 in
599 3577 768 3680 proesenti
789 3574 915 3653 libello
932 3573 1065 3650 dixisse
1079 3575 1157 3649 sus-

140 3716 188 3771 11.

140 3816 215 3888 (X.
233 3818 403 3889 famosus
416 3813 593 3888 archiater
605 3812 833 3901 Goisbertus,
849 3826 1042 3913 postquam
1055 3809 1155 3882 Man·

153 3932 339 4007 basilicam
354 3934 369 4028 ζ
371 3948 412 4006 ut
423 3931 598 4031 diximus)
609 3933 741 4031 ooepit,
761 3955 844 4003 cum
860 3926 1076 4031 quibusdam
1088 3953 1155 4002 no·

177 4198 279 4267 isspssuc.
