2768 5094
136 438 314 517 asa-rom]
479 434 595 498 uum
616 420 801 497 rannus:
1134 438 1176 500 oo

132 569 216 641 unt,
242 549 364 652 ibique
388 551 585 627 Willermo
609 550 691 625 duci
718 566 1046 653 praesentareruut,
1070 555 1177 655 eique

132 667 371 742 nonachorum
392 668 605 743 electionem
621 687 731 771 atque
752 669 965 770 petitionem
990 671 1177 747 intimave-

132 800 208 857 unt.
229 788 310 858 Dux
334 800 454 858 autem
472 812 598 860 eorum
616 787 784 886 petitioni
808 787 1010 888 adquievit,
1029 786 1066 861 e't
1083 814 1178 887 prae·

132 919 184 975 rto
202 902 299 990 viro,
319 904 381 1003 qui
399 902 533 976 electus
546 919 641 989 erat,
660 931 725 1004 per
743 902 946 978 cambutam
960 906 1116 979 lvonise
1143 904 1178 976 i·

132 1014 391 1114 sopiSagiensis
401 1015 616 1089 exteriorem
627 1012 780 1119 abltatiae
788 1031 1002 1116 potestatem
1015 932 1174 1088 traditlit.

132 1130 324 1204 villermus
337 1156 423 1206 vero
437 1130 663 1205 ssbroicensis
676 1133 863 1233 episeopus
877 1133 1087 1206 interiorem
1103 1133 1180 1204 aui·

132 1274 251 1321 aarum
264 1275 385 1322 curam
401 1275 465 1350 per
474 1249 719 1350 pontificalem
732 1248 1049 1327 benedictionem
1036 1267 1091 1325 ιιιι
1105 1251 1176 1324 kal.

132 1365 187 1438 alii
202 1367 490 1485 spiritualiter
449 1367 728 1443 commendavit.
745 1366 978 1477 liodbertus
969 1382 1089 1473 ltaque
1103 1369 1177 1466 jam
1253 1378 1266 1405 ⁹

132 1482 219 1556 bltas
231 1486 377 1558 effectus
390 1512 446 1560 res
459 1487 667 1559 monasterii
682 1472 796 1586 caepit
809 1485 1000 1587 diligenter
1012 1500 1179 1574 tractare,

132 1619 145 1672 t
159 1628 203 1675 ex
217 1618 409 1701 parentum
428 1628 576 1676 suorum
591 1603 725 1676 divitiis
737 1605 974 1677 necessarium
991 1605 1101 1677 servis
1114 1603 1179 1678 Dei

132 1715 310 1789 ubsidinm
334 1718 552 1792 sufficienter
578 1718 845 1807 administram·
872 1722 983 1820 justas
1006 1718 1181 1793 observa·
1274 1786 1281 1801 ,

132 1835 254 1922 iones,
280 1860 369 1934 (luas
390 1837 469 1935 pius
494 1830 734 1934 praedecessor
757 1839 831 1935 ejus
858 1837 1079 1926 instituerat,
1104 1860 1181 1913 nou

132 1951 231 2025 olum
246 1978 319 2025 uon
342 1941 546 2040 imminuit,
566 1953 764 2040 sedetiam,
785 1981 853 2053 pro
871 1955 1011 2030 ratioue'
1032 1970 1068 2028 et
1086 1968 1183 2033 tem-

132 2095 202 2143 ore
206 2072 640 2171 ,auctoritatemajorum,
655 2069 1185 2172 relexempluvicinorumpen·
1312 2088 1317 2097 '

135 2189 207 2260 itus
223 2190 482 2289 augmentarit.
502 2191 580 2289 lpsa
596 2188 760 2291 quidem,
781 2191 868 2263 dum
887 2188 1003 2263 adhuc
1022 2189 1184 2293 neophy-

132 2329 172 2375 us
197 2320 294 2393 emt,
323 2305 498 2405 permissu
521 2303 735 2379 sonorabilis
758 2304 945 2380 Teodariti
969 2305 1183 2380 cluniacum

132 2435 340 2503 merserat,
359 2420 421 2493 ubi
441 2422 753 2496 tuncmonasticoe
770 2421 935 2523 phalangi
953 2422 1059 2523 lingo
1075 2419 1184 2495 abhas

132 2536 340 2637 emporibus
354 2542 488 2613 uostris
507 2539 656 2640 speciale
679 2538 939 2614 monachorum
956 2540 1064 2614 decus
1084 2564 1186 2642 prae-

132 2670 205 2727 rat.
225 2654 330 2729 Unde
352 2682 432 2727 cum
455 2673 536 2755 post
551 2658 691 2758 aliquot
708 2672 850 2758 tompus
868 2657 1020 2744 rediret
1039 2683 1187 2760 magna-

132 2772 207 2843 timi
243 2774 405 2883 lingonis
438 2773 687 2848 munificentia
723 2775 975 2848 Beruelridum
1010 2776 1187 2849 illustoem

132 2878 337 2967 transilitas
371 2894 456 2993 (qui
491 2892 724 2992 postmodum
753 2894 940 2993 episcopus
968 2892 1082 2965 lactus
1109 2893 1187 2991 est)

132 3032 239 3079 ecum
255 3006 421 3090 adduxit·
412 3033 592 3110 ·eumque
608 3025 648 3081 ut
667 3035 785 3084 motus
800 3009 1089 3082 Cluniacensium
1105 3008 1190 3081 Uti-

132 3123 284 3198 unsihus
318 3128 523 3214 intimaret,
553 3126 761 3228 aliquandiu
793 3125 993 3201 honorifice
1020 3126 1186 3200 retinuit.

132 3240 194 3314 iub
210 3269 254 3315 oo
270 3240 312 3314 ad
331 3245 606 3317 ‹ousersionem
623 3244 817 3316 Mainrrius
834 3242 1041 3316 Gnnscolini
1059 3242 1103 3314 du
1119 3242 1190 3314 Es-

132 3359 253 3434 nlsoio
277 3360 370 3433 salius
393 3362 513 3445 venit;
540 3362 602 3461 qui
629 3375 712 3459 post
735 3359 873 3458 aliquot
895 3385 1009 3432 auitos
1032 3356 1189 3455 ejusdem

132 3475 281 3550 mstobii
310 3478 471 3577 regimen
493 3477 669 3574 suscepit,
698 3475 872 3574 annisque
901 3500 963 3549 xxa
990 3493 1025 3548 et
1053 3474 1189 3549 mensi

132 3621 187 3668 sus
207 3621 258 3668 vn
277 3595 415 3667 utiliter
434 3596 565 3667 tenuit.

169 3712 307 3787 ludam
320 3729 482 3812 temporo
495 3711 671 3786 llotlullus
683 3726 927 3810 cognomento
942 3644 1190 3784 Mala-Corona

132 3832 205 3903 „itia
208 3857 270 3902 um
284 3831 395 3916 vonit,
415 3828 536 3930 ibique
547 3855 629 3903 cum
642 3826 766 3902 ttodla
758 3826 979 3915 rtoabbatu,
994 3855 1059 3902 suo
1072 3829 1192 3903 tideli-

132 3964 176 4016 ιί
190 3961 335 4045 nepota·,
346 3946 481 4017 (liutius
494 3943 679 4017 habitarit.
692 3945 756 4016 llic
768 3944 955 4030 nimirum,
969 3960 1010 4015 ut
1021 3944 1192 4044 paulosa-

132 4068 243 4136 ιιϊιιιι
259 4064 416 4135 brovitrr
429 4064 672 4150 meminimus,
690 4061 735 4133 als
750 4060 900 4136 inlantia
916 4061 1044 4135 littoris
1058 4062 1192 4135 allatim

132 4183 281 4267 maan,
308 4199 340 4253 rt
362 4183 487 4256 Galliae
508 4183 689 4282 ltalirrqur
708 4179 901 4253 scrutando
921 4179 1056 4253 salrolas
1076 4206 1194 4255 serm-
