2768 5094
289 318 349 379 31⁸
564 314 749 379 msrolus
771 312 1077 377 uectustffltce.
1259 320 1351 401 [Ml

291 450 482 535 cogamur.
516 434 674 534 Propter
706 461 829 509 eorum
849 431 1020 531 feminas
1053 434 1161 510 nulla
1188 443 1353 538 peceati·

289 551 496 627 emendatio
511 555 693 650 erigatur.
709 552 984 629 Arclridioconi
990 580 1063 657 per
1078 554 1354 633 archidiacone·

291 685 346 744 tus
359 698 445 746 suos
455 670 568 745 semel
577 675 617 745 in
629 697 728 747 anno
738 670 1031 773 presbyterorum
1041 674 1355 772 suffraganeorum

290 813 440 861 suorum
457 791 671 861 uestimento
693 803 728 860 et
749 787 883 861 calices
905 803 941 860 et
960 787 1071 864 libros
1093 788 1277 883 uideant,
1302 792 1358 867 de·
1381 741 1384 887 l

291 907 446 1005 signatis
473 904 722 1008 abepiscopo
748 908 788 979 in
815 932 1032 1007 unoquoque
1059 907 1357 983 archidiaconatu

291 1022 516 1095 solummodo
532 1021 645 1096 tribus
661 1022 771 1112 locis,
790 1022 854 1095 ubi
869 1026 985 1097 vicini
993 1024 1206 1127 presbyteri
1221 1025 1279 1101 ad
1293 1026 1359 1101 boec

291 1139 533 1213 monstranda
558 1157 806 1217 convocentur.
840 1141 955 1241 Quod
973 1168 1055 1217 cuns
1080 1141 1360 1219 archidiaconus

292 1260 348 1332 ad
374 1257 455 1331 lroec
482 1257 647 1333 videnda
674 1262 828 1350 venerit,
853 1288 880 1333 a
897 1260 1119 1363 presbyteris
1145 1263 1218 1362 qui
1240 1288 1362 1337 conre-

292 1374 416 1460 niunt,
439 1373 581 1463 triduo,
600 1375 635 1447 si
648 1374 801 1476 expedit
804 1432 818 1465 ,
837 1377 973 1448 victum
990 1362 1125 1449 habeat
1141 1376 1221 1450 sibi
1233 1380 1362 1477 quinto.

341 1491 379 1565 6.
395 1489 437 1563 Si
439 1488 629 1592 presbyter
625 1487 912 1592 forisfacturam
914 1487 1048 1599 fecerit
1058 1493 1105 1565 de
1103 1489 1363 1593 forestt'sregis

294 1608 354 1682 uel
365 1608 542 1683 baronum
553 1610 648 1710 ejus,
661 1608 800 1682 nullam
813 1609 901 1683 inde
914 1609 1208 1684 emendationem
1224 1609 1364 1683 babebit

295 1726 499 1825 episcopus.

344 1872 381 1942 7.
396 1840 602 1942 Presbyteri
615 1843 727 1914 semel
742 1844 783 1915 in
799 1868 898 1916 anno
914 1845 1017 1916 circa
1030 1842 1276 1915 Pentecosten
1288 1868 1362 1915 cun

287 1958 586 2063 processionibus
602 1961 680 2032 suis
696 1958 751 2032 ad
764 1976 916 2033 matrem
933 1958 1129 2034 ecclesiam
1144 1961 1325 2047 oeniant5
1335 1972 1364 2031 et

294 2076 343 2151 de
359 2074 517 2175 singulis
531 2074 702 2149 domibus
714 2101 808 2149 ceroe
820 2075 997 2149 denerata
1009 2076 1042 2175 (t
1050 2076 1087 2175 ),
1101 2074 1165 2149 uel
1180 2074 1284 2149 idem
1299 2100 1363 2149 w

294 2193 371 2268 lens
403 2194 458 2268 ad
489 2190 774 2267 illundnandam
807 2192 1000 2266 ecclesian
1031 2191 1145 2266 altari
1177 2192 1360 2293 offemtur.

298 2312 413 2413 Quod
432 2316 498 2413 qui
509 2314 639 2407 facere
660 2310 834 2401 noluerit,
857 2337 883 2384 a
898 2308 1110 2413 presbytero
1130 2334 1201 2383 suo
1218 2311 1361 2411 perni-

294 2430 483 2504 nisterium
497 2455 604 2502 suum
620 2444 776 2528 cogatur
785 2427 855 2502 lroc
869 2429 1006 2502 solvere
1019 2428 1098 2503 sirre
1115 2426 1361 2501 mendatium

291 2547 476 2648 pecunia.
506 2547 645 2620 Luicus
667 2544 917 2649 presbytemm
943 2572 1018 2620 non
1045 2545 1108 2619 det
1134 2544 1199 2619 vel
1226 2544 1363 2619 adimat

294 2662 475 2755 ecclesia,
496 2666 572 2738 nisi
586 2690 635 2737 er
649 2688 828 2739 consensu
836 2663 1023 2766 proesulis.
1044 2662 1163 2763 Quem
1179 2678 1321 2751 tumen,
1333 2664 1363 2735 si

294 2779 524 2882 reeipiendus
540 2796 615 2872 est,
635 2784 829 2884 episcopus
848 2806 924 2853 non
945 2776 1122 2881 repellat,·
1140 2796 1177 2851 et
1194 2778 1232 2851 si
1249 2776 1362 2881 repel-

294 2894 425 2971 lendus
440 2913 512 2987 est,
531 2923 607 2970 non
626 2898 792 2971 retineat.

346 3016 382 3087 8.
409 3015 458 3087 In
480 3015 666 3089 cimiten'rs
692 3015 750 3113 (α)
776 3014 1029 3103 ecclesiarum,
1060 3036 1146 3112 quoe
1172 3012 1213 3085 in
1239 3011 1363 3085 cicitu-

295 3130 389 3203 tr‘bus
404 3131 467 3204 vel
482 3130 641 3204 castellis
656 3129 719 3205 oel
739 3130 865 3232 burgis
880 3146 966 3204 sunt
974 3186 988 3219 ,
1006 3128 1193 3230 quidquid
1207 3126 1364 3231 eptscopi

295 3265 452 3349 tempore
468 3246 647 3320 Rodberti
668 3249 810 3321 comitis
832 3247 895 3321 vel
922 3244 1117 3320 Guillelmi
1141 3244 1261 3345 regie,
1288 3243 1364 3345 ejus

294 3390 485 3455 consensu,
498 3363 713 3455 babuerunt,
727 3367 892 3467 episcopi
900 3363 1111 3438 rehabeant.
1125 3362 1173 3437 In
1185 3360 1364 3435 omerio

294 3508 402 3574 vero,
418 3510 502 3584 qua
519 3486 558 3557 in
570 3483 729 3559 marchis
742 3500 846 3574 sunt,
861 3484 898 3556 si
907 3476 1184 3583 guerrafuetit,
1199 3494 1236 3553 et
1248 3475 1365 3579 alequi

296 3600 350 3673 ad
372 3600 614 3675 habitandum
635 3601 686 3674 ibi
695 3598 855 3697 sacrant
875 3600 1103 3674 mansionem
1122 3598 1214 3671 dum
1232 3618 1364 3697 guerro

301 3801 462 3811 *—

328 3916 366 3983 (ι)
385 3913 448 3969 Une
456 3916 584 3987 quantin-
595 3912 631 3967 dc
640 3913 697 3967 cire
709 3912 745 3967 de
754 3913 780 3967 la
790 3914 884 3969 valeus
893 3913 960 3968 d'un
970 3912 1078 3970 denies.
1087 3912 1163 3971 C‘ett
1172 3910 1209 3971 de
1218 3910 1365 3974 denemta,

295 4001 455 4063 denariam.
469 4003 558 4075 qu'est
573 4020 644 4056 renu
657 4001 682 4057 lc.
696 4013 754 4058 mot
764 4002 881 4077 tranqais
894 4002 1008 4059 «leurdo.

328 4094 367 4162 (u)
387 4093 460 4147 Lim
493 4095 667 4146 comeso-its.
