2768 5094
259 442 320 500 aio
534 434 718 496 ursaonn
740 433 1047 495 ecetestasnca.
1235 434 1334 511 [ιοτη

260 559 299 631 in
313 558 495 632 Oceanum
513 555 655 657 navigio
671 555 858 655 diffugere.
877 555 945 628 Sed
965 554 1023 628 ille
1040 552 1140 626 falsis
1156 553 1336 655 allegatio

247 672 366 747 nibus
385 673 596 772 simpliciter
613 673 815 773 adquievit,
830 688 867 747 et
883 699 966 745 cum
982 674 1055 745 suis
1071 671 1116 745 ad
1131 696 1263 772 regem
1277 700 1337 771 pa-

259 790 360 863 cifice
371 789 415 862 de
428 789 542 863 insula
553 790 677 863 exivit.
690 792 765 863 Rex
775 806 895 863 autem
908 806 1073 863 metuens
1087 816 1135 863 ne
1148 791 1336 863 Morcarus

259 907 406 1005 injurias
420 903 487 980 sihi
506 923 541 979 et
555 905 804 1005 compatriotis
821 907 894 978 suis
909 908 1078 1006 nequiter
1090 904 1215 981 illatas
1232 905 1337 978 ulcis·

258 1039 414 1109 ceretur,
430 1037 467 1095 et
481 1049 546 1120 per
558 1048 641 1095 eum
660 1022 789 1122 aliquae
804 1021 998 1094 seditiones
1016 1023 1053 1093 in
1072 1048 1193 1122 reguo
1211 1019 1337 1095 Albio-

258 1139 314 1210 nis
333 1136 573 1238 implacabiles
589 1140 791 1225 orirentur,
812 1139 915 1211 illum
933 1140 1011 1212 sine
1026 1139 1227 1213 manifesto
1241 1154 1336 1214 reatu

258 1255 387 1327 vinclis
412 1256 552 1354 injecit,
576 1257 751 1356 omnique
773 1256 846 1328 vita
869 1283 930 1328 sua
956 1259 993 1329 in
1021 1257 1208 1357 ergastulo
1233 1284 1336 1332 ooer·

260 1371 357 1458 cuit,
376 1386 413 1443 et
436 1371 583 1443 cautelae
604 1371 749 1470 Rogerii
775 1370 946 1470 oppidani
969 1372 1172 1446 Belmontis
1197 1374 1336 1446 manci·

258 1488 356 1585 pavit
368 1488 437 1585 (1).
456 1487 563 1581 Qupd
579 1486 859 1560 formosissimus
870 1489 1015 1586 juvenis
1032 1487 1201 1563 Eduinus
1218 1512 1337 1566 comes

259 1618 301 1674 ut
325 1602 462 1675 audivit
487 1605 560 1701 (a),
590 1606 705 1677 emori
728 1631 837 1706 quam
865 1606 986 1679 vivere
1009 1609 1244 1706 peroptavit,
1271 1609 1335 1681 nisi

259 1726 466 1793 Mor-carum
491 1721 643 1795 fratrem
669 1749 774 1794 suum
802 1724 931 1821 injuste
958 1740 1103 1824 captum
1125 1723 1333 1812 liberasset,

260 1853 322 1911 aut
345 1837 532 1914 uberrimo
554 1842 725 1942 sanguine
746 1842 1046 1915 Normannorum
1063 1869 1138 1917 sese
1154 1844 1336 1919 vindicas·

261 1971 327 2028 set
348 1954 443 2028 Sex
435 1959 547 2055 igitur
559 1955 743 2030 mensibus
761 1984 780 2029 a
798 1958 915 2030 Scotis
932 1974 969 2030 et
989 1958 1126 2031 Guallis
1141 1958 1198 2033 vel
1213 1960 1380 2091 Anglis

260 2074 390 2147 auxilia
408 2072 476 2146 sibi
494 2076 673 2176 quaesivit
689 2077 828 2149 lnterea
848 2091 920 2149 tres
933 2073 1062 2149 fratres
1069 2077 1160 2177 ,qui
1179 2105 1213 2151 er
1203 2052 1380 2151 fami·

262 2190 365 2265 liares
390 2193 635 2294 praecipuique
663 2192 831 2265 satellites
856 2208 980 2283 erant,
1007 2194 1233 2267 Normannis
1257 2219 1336 2269 eum

232 2376 236 2381 .
261 2308 523 2407 prodiderunt,
541 2325 579 2383 et
601 2310 666 2409 ipsi
683 2308 849 2382 eumdem
870 2335 954 2381 cnm
974 2334 1024 2383 xx
1045 2307 1236 2410 equitibus
1261 2326 1338 2384 toto
1365 2336 1380 2409 4

261 2426 344 2498 uisu
361 2454 433 2500 sese
452 2426 705 2500 defendentem
724 2425 949 2502 occiderunt.
974 2428 1080 2500 Tunc
1096 2426 1141 2500 ad
1163 2426 1236 2501 boc
1254 2428 1336 2503 laci·

261 2567 331 2612 nus
353 2543 561 2616 exaestuatio
587 2542 724 2614 marina
749 2541 978 2615 Normannos
1002 2540 1159 2641 adjuvit,
1182 2568 1271 2645 quae
1296 2542 1337 2615 ad

262 2656 423 2729 rivulum
436 2658 628 2759 quemdam
647 2656 833 2730 Eduinum
850 2657 982 2730 morari
1002 2658 1133 2757 coegit,
1153 2660 1265 2759 eique
1281 2660 1339 2730 lu-

261 2800 344 2874 gam
378 2776 521 2873 penitus
555 2775 701 2848 ademit.
737 2773 867 2847 Audita
898 2801 964 2873 per
996 2774 1168 2873 Angliam
1201 2775 1338 2851 Eduini

263 2906 401 2979 morte,
429 2891 546 2964 luctus
575 2893 700 2991 iugens
726 2918 801 2964 non
829 2891 948 2964 solum
973 2890 1115 2991 Anglis,
1142 2891 1338 2966 sedetiam

302 3215 342 3284 (ι)
361 3208 1341 3287 laeschosesnesepasslnentpasexactemantooml’indiqaeuotre

268 3313 377 3357 auteur.
391 3302 432 3357 Ce
445 3321 479 3356 ne
492 3303 534 3357 lut
546 3321 594 3376 pas
602 3302 764 3358 Guillaume
774 3301 824 3376 qui
837 3301 975 3357 renferma
986 3301 1096 3357 llorcar
1105 3299 1175 3356 daut
1184 3300 1241 3357 l‘ile
1251 3296 1339 3373 u’ety,

268 3394 338 3448 mais
357 3391 471 3448 celui-ci
491 3394 539 3467 qui
561 3394 599 3466 s'y
620 3393 726 3466 refugia
744 3390 975 3471 volontairement
992 3393 1093 3465 aupren
1109 3388 1149 3449 δ
1168 3390 1338 3457 llereward,

267 3500 340 3555 pour
353 3502 382 3538 se
394 3481 514 3537 dember
531 3501 585 3537 aux
601 3484 731 3538 atteiutes
743 3480 782 3536 du
796 3484 847 3537 roi.
864 3482 941 3537 Nous
958 3498 1118 3557 appneuona
1130 3481 1167 3536 ici
1179 3499 1238 3555 que
1253 3500 1288 3537 ω
1298 3481 1340 3537 tur

266 3572 361 3647 Roget·
373 3572 409 3628 de
418 3574 573 3629 Beaumont
585 3574 634 3648 qui
649 3582 727 3646 reput
737 3572 761 3626 la
773 3572 886 3627 mietion
897 3572 932 3628 de
946 3572 972 3629 le
982 3570 1083 3647 garder
1093 3572 1264 3645 prisonniu,
1276 3590 1338 3647 pm·

267 3661 427 3717 bablemcnt
436 3662 505 3717 daus
514 3662 571 3717 l'un
582 3662 617 3716 dc
631 3681 673 3715 ses
688 3662 823 3716 chitcaua
836 3660 872 3717 de
885 3662 1052 3728 Beaumout,
1067 3660 1104 3716 de
1116 3660 1241 3718 Brionne
1253 3680 1292 3717 ou
1304 3660 1339 3715 de

268 3752 503 3808 Pontiludemcr.
519 3754 565 3809 On
576 3756 628 3809 tait
641 3772 696 3826 que
712 3755 829 3822 llorcar,
848 3753 937 3809 rendu
950 3758 964 3809 a
976 3752 1001 3807 la
1013 3752 1113 3809 liberte'
1128 3753 1293 3827 parl’ordm
1303 3752 1341 3808 dn

268 3843 477 3917 Conqueranta
493 3859 543 3898 son
557 3842 590 3896 lit
603 3842 638 3895 de
656 3852 745 3907 mort,
764 3843 807 3898 l'ut
821 3863 940 3918 presque
952 3842 1192 3899 immediatement
1210 3845 1297 3899 renis
1307 3862 1341 3897 eu

269 3934 400 4006 captivitat
412 3952 464 4006 par
475 3932 783 3988 Guillaumede-lloux.

305 4027 345 4097 (a)
363 4025 440 4080 Nous
453 4044 488 4081 ne
505 4043 624 4099 penmns
643 4042 690 4098 pas
706 4024 853 4099 qu'Fdnin
873 4043 908 4079 nc
927 4043 956 4079 se
972 4026 1027 4080 soit
1041 4024 1168 4079 decidet
1182 4023 1341 4098 prendrrlr

270 4116 341 4173 luite
352 4117 480 4193 qu’aprls
489 4118 566 4172 avoir
579 4134 615 4170 cu
628 4118 822 4172 connaissance
835 4116 870 4171 de
885 4116 909 4170 la
922 4117 1052 4191 captivitat
1065 4115 1100 4171 de
1114 4133 1165 4172 sou
1177 4116 1261 4184 frere,
1274 4116 1343 4171 mi·

270 4206 354 4283 qu’au
364 4207 505 4265 contraire
518 4224 550 4263 ce
562 4205 605 4262 lut
615 4205 656 4262 tui
668 4208 717 4282 qni
732 4209 836 4281 rumpit
849 4207 876 4262 le
885 4206 1009 4279 premier
1019 4224 1085 4262 avec
1095 4203 1269 4263 Guillnune.
