2768 5094
154 397 214 457 250
430 392 615 465 Hlst'ottls
636 392 941 455 ECCLESIASTICA.
1016 398 1220 474 [1080-1125]

149 511 332 616 praefers?
353 514 501 587 Samson
520 512 733 612 respoudit:
757 514 902 600 Etiam,
925 513 1087 589 domine·
1114 515 1221 591 Hunc

153 638 232 707 sine
248 632 362 706 dnbio
369 629 537 731 fideliter
554 632 685 735 affero,
706 628 804 707 burte
822 631 913 704 milri
932 635 1075 732 meique
1091 633 1221 706 sinuli·

156 748 222 822 bas
233 750 321 847 jare
329 774 526 850 propono.
544 749 649 821 Mitis
667 766 720 821 est
734 765 769 820 et
785 747 981 847 benignus,
1002 747 1091 821 inde
1106 751 1221 848 magu

149 858 356 968 praesulatu
376 866 524 965 digmus.
545 867 622 938 Pro
641 869 761 961 mace'e
782 871 946 969 (upana
968 894 1043 941 non
1064 869 1114 942 sit
1138 895 1222 941 eon·

154 984 377 1084 temptibilis.
399 984 560 1059 Humilis
582 984 728 1058 habitus
743 987 941 1083 gratiorem
958 1012 1042 1059 eum
1060 991 1222 1086 assignat

155 1100 397 1204 sapientibus.
419 1101 486 1174 Ad
500 1106 682 1175 anteriora
696 1118 839 1174 tantum
852 1130 928 1176 non
943 1104 1094 1204 respicit
1104 1104 1221 1189 Dens,

154 1219 222 1292 aed
251 1223 409 1292 intuetur
435 1247 481 1294 ea
504 1246 589 1319 qaae
614 1220 728 1292 latent
753 1221 981 1293 intrinsecus.
1014 1221 1093 1295 aex
1117 1219 1224 1319 igitur

154 1336 335 1434 prudens,
362 1338 531 1436 sapientis
556 1334 667 1413 verba
692 1338 832 1411 intente
857 1337 1039 1435 percepit,
1064 1351 1103 1408 et
1127 1363 1224 1437 saga-

154 1453 245 1525 citer
276 1454 480 1527 examinare
509 1453 636 1552 coepit.
665 1451 819 1551 Diffusus
844 1467 964 1526 autem
992 1452 1224 1552 cogitationes

154 1595 233 1643 anas
259 1570 298 1643 in
321 1596 360 1643 se
385 1595 549 1644 reversus
574 1570 726 1643 rationis
754 1568 924 1668 ligamine
950 1568 1128 1668 paulatim
1153 1595 1225 1642 res·

156 1685 306 1776 uinxit,
326 1685 626 1784 nominatumque
648 1684 821 1761 clericum
840 1685 963 1757 statim
982 1686 1027 1757 ad
1048 1712 1087 1759 se
1106 1710 1225 1759 aeaer-

154 1803 236 1893 siit,
255 1804 359 1903 eique
376 1829 501 1877 euram
517 1818 553 1876 et
568 1802 737 1877 saeculare
748 1806 807 1901 jus
826 1802 1136 1877 cenomannensis
1147 1801 1224 1901 epi-

153 1936 319 2018 scopatae
344 1922 538 1997 commisit.
564 1921 757 1995 Decretum
776 1921 868 2019 regis
886 1920 985 1993 clero
1006 1921 1225 1993 insinuatum

153 2055 225 2126 est,
245 2055 282 2113 et
299 2038 442 2138 praeiati
459 2039 579 2113 elerici
597 2037 707 2113 houm
725 2040 811 2112 ritae
834 2038 1084 2117 testimonium
1106 2036 1156 2110 ah
1175 2037 1226 2112 lais

154 2159 215 2257 qui
235 2174 417 2232 noverunt
430 2158 645 2230 veritilatum
658 2173 724 2230 est.
742 2162 812 2231 Pro
828 2158 900 2230 tam
915 2183 1006 2257 puna
1020 2171 1058 2228 et
1071 2156 1224 2256 simplici

154 2274 331 2349 electione
355 2276 482 2348 devota
507 2274 621 2348 lausa
644 2272 810 2348 fidelibus
833 2273 911 2348 Deo
930 2268 1068 2346 reddita
1095 2288 1169 2360 eat,
1193 2290 1227 2346 et

153 2391 287 2464 electus
306 2408 428 2489 pastor
451 2391 496 2463 ael
521 2391 637 2463 caulas
659 2391 784 2462 ouium
809 2416 956 2503 auarum
980 2387 1028 2463 ab
1050 2391 1228 2488 episeopis

153 2522 191 2579 et
207 2508 355 2607 reliquis
370 2507 555 2594 fidelibus,
571 2507 704 2606 quibus
721 2504 790 2581 hoc
804 2534 824 2579 a
839 2533 924 2607 rege
935 2510 1076 2611 jussum
1089 2503 1225 2593 fuerat,

155 2623 357 2700 honorifice
372 2624 567 2725 peuluctus
580 2641 645 2699 est.
662 2625 710 2696 At
728 2623 788 2699 ille
807 2651 882 2697 non
901 2624 1022 2697 minus
1039 2621 1228 2726 obstupuit

156 2743 193 2814 in
209 2758 280 2815 tam
295 2741 411 2816 subita
426 2744 659 2843 promotione
673 2741 718 2814 ad
732 2742 978 2841 praesulatum,
989 2768 1100 2842 quam
1119 2742 1228 2816 David

155 2857 388 2958 reprobatisa
402 2860 565 2935 Samuele
576 2859 830 2959 primogenitis
841 2856 1016 2933 fratribus
1030 2859 1069 2931 iu
1082 2885 1228 2959 prava>

156 2978 256 3053 none
272 2978 316 3051 ad
333 3005 499 3077 regnum.
519 2979 578 3051 Sic
594 2977 741 3052 Hoellas
757 2977 1077 3052 cenomannorum
1096 2977 1226 3076 praeaul

155 3090 270 3167 iaetus
281 3109 354 3180 est,
371 3109 408 3166 et
425 3092 622 3192 pontificali
641 3108 828 3167 stemmate
840 3119 905 3191 per
916 3117 965 3164 xv
979 3118 1095 3166 annos
1107 3108 1228 3166 ennete

154 3212 367 3310 perfunctus
382 3228 448 3284 est.
464 3211 713 3310 Episcopelem
726 3209 930 3294 basilicam,
950 3209 987 3282 in
1004 3235 1075 3310 qua
1097 3234 1227 3310 corpus

153 3329 267 3402 sarreti
280 3329 413 3403 Juliani
429 3328 657 3414 confessoris,
673 3328 782 3427 primi
797 3329 1121 3401 cenomannorum
1133 3354 1227 3428 prae·

154 3449 241 3521 aulis
255 3450 461 3549 requiescit,
477 3463 514 3521 et
525 3448 592 3520 alia
606 3446 703 3522 bana
718 3472 827 3545 opera
840 3444 1010 3517 Ecclesiae
1026 3444 1092 3518 llei
1105 3471 1226 3520 neees-

155 3568 245 3640 saria
269 3567 426 3641 condere
449 3568 585 3667 coepit,
607 3580 645 3639 et
667 3592 736 3663 pro
758 3565 931 3664 temporis
952 3565 1226 3663 opportunitate

154 3711 236 3784 quae
268 3702 387 3786 coepta
419 3699 523 3759 eram
552 3682 724 3783 perlicere
753 3682 905 3755 studuit.
936 3680 1020 3773 Quo
1053 3680 1226 3756 defuneto

154 3803 316 3902 egregius
344 3802 566 3876 versificator
598 3799 829 3874 Hildebertus
865 3797 1056 3881 successit,
1086 3814 1124 3870 et
1152 3796 1224 3870 fem

157 3940 228 3989 xxx
251 3919 354 3989 annis
378 3917 610 4015 presulatum
635 3914 861 3988 laudabiliter
886 3915 1013 3987 tenuit.
1040 3913 1222 3986 Basilicam

156 4059 242 4105 vero
267 4035 457 4132 episcopii,
482 4060 591 4131 quam
610 4031 848 4133 praedeeessor
872 4034 946 4131 ejus
977 4030 1220 4112 inchoaverat,

157 4150 441 4233 consummarit,
459 4164 591 4222 etcum
607 4150 743 4247 ingenti
762 4146 983 4248 populorum
998 4143 1160 4244 tripudio
1174 4170 1223 4217 ve

1254 38 1268 377 l

1264 438 1270 639 Ι
