2768 5094
509 394 623 456 einen
646 395 829 471 Qutnrus.
1140 404 1200 464 sos

140 515 200 587 lic
219 513 364 587 Ricardi
379 516 529 588 senioris
545 516 645 588 ducis
658 542 701 589 ex
714 515 926 591 Gunnoride
941 518 1034 590 lilius
1053 519 1142 609 luit,
1163 536 1199 595 et

140 656 249 704 :svnt
270 633 374 705 annis
391 631 733 732 archiepiscopatum
754 633 1052 733 Rotomagensem
1083 651 1118 709 et
1144 662 1202 710 co·

140 749 307 821 nitatum
328 748 583 822 Ebroicensem
608 762 769 849 tempore
785 747 958 823 Rodberti
979 752 1071 850 regis
1087 752 1201 824 Fran-

140 867 201 937 uae
217 882 256 938 et
268 866 413 939 llcnrici
426 866 489 939 lilii
504 871 578 965 ejus
587 868 694 940 rexit.
711 866 1202 968 Tuncdgapitusethrber·

140 1007 193 1053 us
209 981 395 1070 silvester,
407 980 587 1056 lohannes
599 997 636 1055 et
648 982 878 1072 Benedictus,
896 984 1054 1084 itemque
1066 986 1200 1058 Johan-

140 1124 199 1172 res
213 1115 253 1171 et
268 1098 478 1172 Benedictus
496 1100 668 1173 Romanae
681 1099 906 1199 praeluerunt
919 1101 1097 1175 Ecclesiae.
1113 1103 1201 1177 Otto

140 1231 281 1303 tutem,
305 1216 481 1288 Henricus
498 1231 535 1290 et
551 1215 654 1292 Cono
673 1217 903 1316 imperatores
926 1245 990 1317 per
1008 1219 1201 1318 legitimam

140 1333 399 1407 successionem
430 1330 712 1406 dominabantur
739 1333 959 1433 reipublicae.
996 1335 1201 1410 Rodbertus

140 1447 425 1551 u-cbiepiseopus
450 1451 639 1524 mundanis
664 1450 794 1550 opibus
820 1452 955 1524 allatim
983 1451 1199 1541 abundarit,

140 1567 370 1641 saecularibus
386 1569 538 1668 negotiis
552 1568 687 1667 oppido
704 1569 864 1641 intentus
881 1569 1021 1655 extitit,
1041 1586 1109 1642 eta
1130 1598 1202 1642 car·

140 1682 284 1755 nulibus
301 1683 476 1757 illecebris
495 1709 568 1758 non
589 1685 647 1780 (ut
660 1683 869 1782 pontificem
882 1685 1070 1783 decuisset)
1090 1685 1202 1758 absti-

140 1803 235 1873 nuit.
249 1800 340 1874 Nam
355 1805 543 1902 corrjugem
555 1802 918 1890 nomineHerlevam,
934 1819 974 1874 ut
987 1830 1118 1892 eomes,
1136 1804 1203 1876 ba-

140 1914 242 2002 buit,
275 1942 318 1990 ex
349 1943 419 2017 qua
445 1934 515 1991 tres
542 1917 635 1991 filios
666 1948 674 1987 :
706 1917 918 2005 Ricardum,
950 1917 1144 1991 Radullum
1167 1936 1204 1991 ct

140 2031 376 2106 Guillelmum
398 2035 543 2134 genuit;
566 2033 697 2135 quibus
714 2035 970 2108 Ebroiccnscm
991 2036 1201 2109 comitatum

140 2166 175 2223 et
187 2150 279 2224 alios
294 2150 447 2226 honores
463 2151 698 2253 amplissimos
711 2152 906 2224 secuudum
916 2155 975 2250 jus
990 2151 1109 2224 saeculi
1128 2153 1205 2224 ‹lis-

140 2264 286 2338 tribuit.
313 2268 352 2338 ln
369 2281 550 2340 senectute
572 2267 735 2353 tandem,
761 2291 926 2340 errorum
956 2292 1095 2339 memor
1117 2292 1204 2338 suo-

140 2410 247 2471 rum,
277 2383 476 2483 poenituit,
503 2398 538 2456 ct
570 2411 637 2483 pro
663 2381 819 2456 reatibus
850 2385 973 2457 multis
999 2385 1205 2484 magnisque

141 2500 300 2572 multum
328 2501 463 2572 timuit·
493 2499 624 2572 Multas
650 2500 760 2601 igitur
777 2499 1017 2601 eleemosynas
1039 2501 1204 2601 pauperi·

142 2617 209 2691 bus
233 2620 414 2719 erogavit,
439 2616 692 2720 ecclesiamque
715 2618 1029 2718 metropolitanam
1053 2619 1088 2690 in
1114 2616 1205 2690 urbe

144 2736 397 2836 Rotomagensi
419 2752 550 2811 sauctae
572 2735 635 2810 Dei
655 2737 821 2835 genitrici
843 2766 862 2808 a
885 2736 1126 2810 fundamentis
1146 2738 1205 2809 in-

142 2849 286 2923 choavit
300 2904 311 2937 ‚
342 2877 449 2951 quam
482 2877 607 2951 magua
642 2878 685 2923 ex
713 2865 813 2950 parte
841 2851 1103 2926 consummavit
1132 2853 1148 2947 (
1173 2855 1202 2946 )

144 2967 316 3041 Ricardus
329 2968 386 3040 ll⁸'
404 2968 476 3040 dux
492 2993 567 3041 xxx
581 2968 683 3040 annis
701 2966 870 3040 ducatum
884 2967 1118 3040 Normanniae
1137 2967 1208 3039 lau-

142 3081 311 3155 dubiliter
332 3085 462 3172 tenuit,
483 3097 519 3155 et
531 3079 744 3183 pauperibus
756 3081 909 3156 Christi:
926 3081 1064 3156 clericis
1080 3097 1116 3154 et
1133 3107 1210 3155 mo·

145 3197 281 3283 riaclris,
302 3213 341 3270 ut
360 3199 439 3298 pius
453 3215 568 3300 pater,
582 3198 768 3284 subvenit,
788 3217 826 3272 et
840 3201 906 3273 tria
924 3198 1111 3287 coenobia,
1125 3225 1207 3300 quae

144 3333 247 3413 niter
266 3320 341 3415 ejus
363 3316 524 3391 fundavit
547 3349 555 3389 ε
576 3317 681 3391 idest
700 3318 953 3404 Fiscanncnse,
979 3320 1017 3389 S.
1043 3317 1206 3391 Audoeni

147 3435 182 3501 in
212 3429 388 3506 suburbio
417 3433 625 3533 Rotomagi,
654 3449 689 3507 et
713 3434 751 3506 S.
781 3431 961 3506 Michaelis
985 3435 1022 3505 in
1046 3434 1208 3533 periculo

296 3658 355 3666 ‘·—
490 3663 501 3670 -
521 3662 657 3671 ,ιν-ι.--
689 3664 714 3670 --
744 3664 751 3669 -
771 3663 827 3672 --

148 3793 297 3854 ‹its-ivm.
321 3810 388 3847 mars
407 3812 475 3847 nous
498 3812 532 3849 ne
553 3812 654 3867 coruus
674 3813 720 3868 pas
738 3814 792 3869 quc
813 3806 883 3849 cette
904 3795 1064 3850 distinction
1084 3795 1209 3853 diutinus·

149 3883 328 3955 bramoupla
344 3887 447 3953 gravitr
460 3885 498 3938 du
512 3884 644 3939 scandale.

183 4002 222 4045 tui
241 3990 322 4042 t'aettc
336 3991 553 4043 rccoustnrctiou
567 3988 601 4041 dc
616 3989 639 4042 la
655 3988 810 4043 cathedrali·
819 3989 854 4043 dc
866 3989 961 4044 lloucu
973 4002 1011 4043 int
1023 3989 1090 4044 celle
1104 3991 1151 4062 qui
1167 3990 1207 4043 lut

150 4091 284 4129 ariminus·
298 4096 348 4148 par
364 4078 486 4133 llanrilc.
504 4079 578 4132 Nous
593 4097 673 4131 aroris
688 4097 721 4131 su
737 4078 872 4133 cr-slmsns
885 4099 938 4152 qna·
949 4079 972 4132 la
983 4079 1152 4132 dedu-acciu
1163 4090 1209 4128 eut

151 4168 203 4215 lsi-n
219 4185 254 4217 cn
276 4165 349 4220 1063.
