<?xml version="1.0" encoding="UTF-8"?>
<!DOCTYPE html PUBLIC "-//W3C//DTD XHTML 1.0 Transitional//EN"
    "http://www.w3.org/TR/xhtml1/DTD/xhtml1-transitional.dtd">
<html xmlns="http://www.w3.org/1999/xhtml" xml:lang="en" lang="en">
 <head>
  <title>
</title>
<meta http-equiv="Content-Type" content="text/html;charset=utf-8" />
  <meta name='ocr-system' content='tesseract 3.04.00' />
  <meta name='ocr-capabilities' content='ocr_page ocr_carea ocr_par ocr_line ocrx_word'/>
</head>
<body>
  <div class='ocr_page' id='page_1' title='image "./ordericivitalis06deligoog_0078.png"; bbox 0 0 2768 5094; ppageno 0'>
   <div class='ocr_carea' id='block_1_1' title="bbox 57 402 1144 4327">
    <p class='ocr_par' dir='ltr' id='par_1_1' title="bbox 57 402 1144 3773">
     <span class='ocr_line' id='line_1_1' title="bbox 57 402 1125 495; baseline 0.004 -28"><span class='ocrx_word' id='word_1_1' title='bbox 57 409 166 483; x_wconf 76' lang='lat' dir='ltr'>[ross]</span> <span class='ocrx_word' id='word_1_2' title='bbox 434 402 549 464; x_wconf 76' lang='lat' dir='ltr'>cinna</span> <span class='ocrx_word' id='word_1_3' title='bbox 571 402 753 465; x_wconf 83' lang='lat' dir='ltr'>rannus.</span> <span class='ocrx_word' id='word_1_4' title='bbox 931 436 949 495; x_wconf 52' lang='grc' dir='ltr'><strong>ί</strong></span> <span class='ocrx_word' id='word_1_5' title='bbox 1083 408 1125 471; x_wconf 84' lang='lat' dir='ltr'>ss</span> 
     </span>
     <span class='ocr_line' id='line_1_2' title="bbox 57 496 1125 627; baseline 0.007 -37"><span class='ocrx_word' id='word_1_6' title='bbox 57 546 209 622; x_wconf 77' lang='lat' dir='ltr'>peregre</span> <span class='ocrx_word' id='word_1_7' title='bbox 235 519 462 620; x_wconf 78' lang='lat' dir='ltr'>proficiscens</span> <span class='ocrx_word' id='word_1_8' title='bbox 492 520 576 592; x_wconf 91' lang='lat' dir='ltr'>illuc</span> <span class='ocrx_word' id='word_1_9' title='bbox 608 519 774 608; x_wconf 84' lang='lat' dir='ltr'>advenit,</span> <span class='ocrx_word' id='word_1_10' title='bbox 805 546 913 619; x_wconf 91' lang='lat' dir='ltr'>quem</span> <span class='ocrx_word' id='word_1_11' title='bbox 935 496 1125 627; x_wconf 51' lang='lat' dir='ltr'>¹boffihlis</span> 
     </span>
     <span class='ocr_line' id='line_1_3' title="bbox 57 636 1144 739; baseline 0.007 -28"><span class='ocrx_word' id='word_1_12' title='bbox 57 638 241 739; x_wconf 74' lang='lat' dir='ltr'>Ansgotns</span> <span class='ocrx_word' id='word_1_13' title='bbox 267 663 350 710; x_wconf 91' lang='lat' dir='ltr'>cum</span> <span class='ocrx_word' id='word_1_14' title='bbox 376 636 547 714; x_wconf 87' lang='lat' dir='ltr'>omnibus</span> <span class='ocrx_word' id='word_1_15' title='bbox 574 639 645 711; x_wconf 85' lang='lat' dir='ltr'>suis</span> <span class='ocrx_word' id='word_1_16' title='bbox 672 637 864 712; x_wconf 77' lang='lat' dir='ltr'>clientibus</span> <span class='ocrx_word' id='word_1_17' title='bbox 889 666 992 715; x_wconf 89' lang='lat' dir='ltr'>more</span> <span class='ocrx_word' id='word_1_18' title='bbox 1016 640 1144 719; x_wconf 84' lang='lat' dir='ltr'>solito·</span> 
     </span>
     <span class='ocr_line' id='line_1_4' title="bbox 59 752 1126 858; baseline 0.008 -33"><span class='ocrx_word' id='word_1_19' title='bbox 59 753 315 830; x_wconf 84' lang='lat' dir='ltr'>venerabiliter</span> <span class='ocrx_word' id='word_1_20' title='bbox 334 754 473 858; x_wconf 80' lang='lat' dir='ltr'>aliquot</span> <span class='ocrx_word' id='word_1_21' title='bbox 494 752 619 828; x_wconf 91' lang='lat' dir='ltr'>diebus</span> <span class='ocrx_word' id='word_1_22' title='bbox 644 753 777 829; x_wconf 86' lang='lat' dir='ltr'>ibidem</span> <span class='ocrx_word' id='word_1_23' title='bbox 798 757 962 829; x_wconf 80' lang='lat' dir='ltr'><strong>retinuit.</strong></span> <span class='ocrx_word' id='word_1_24' title='bbox 989 759 1126 833; x_wconf 79' lang='lat' dir='ltr'>Deinde</span> 
     </span>
     <span class='ocr_line' id='line_1_5' title="bbox 60 868 1127 975; baseline 0.007 -33"><span class='ocrx_word' id='word_1_25' title='bbox 60 869 304 947; x_wconf 77' lang='lat' dir='ltr'>uenerabilem</span> <span class='ocrx_word' id='word_1_26' title='bbox 321 868 558 945; x_wconf 80' lang='lat' dir='ltr'>Teodericum</span> <span class='ocrx_word' id='word_1_27' title='bbox 583 897 667 944; x_wconf 91' lang='lat' dir='ltr'>cum</span> <span class='ocrx_word' id='word_1_28' title='bbox 683 873 755 944; x_wconf 94' lang='lat' dir='ltr'>suis</span> <span class='ocrx_word' id='word_1_29' title='bbox 777 870 977 974; x_wconf 76' lang='lat' dir='ltr'>pedisequis</span> <span class='ocrx_word' id='word_1_30' title='bbox 993 873 1025 948; x_wconf 89' lang='lat' dir='ltr'>ei</span> <span class='ocrx_word' id='word_1_31' title='bbox 1043 901 1127 975; x_wconf 85' lang='lat' dir='ltr'>sup·</span> 
     </span>
     <span class='ocr_line' id='line_1_6' title="bbox 59 984 1127 1091; baseline 0.005 -31"><span class='ocrx_word' id='word_1_32' title='bbox 59 987 205 1086; x_wconf 77' lang='lat' dir='ltr'>pliciter</span> <span class='ocrx_word' id='word_1_33' title='bbox 237 984 525 1078; x_wconf 85' lang='lat' dir='ltr'>commendavit,</span> <span class='ocrx_word' id='word_1_34' title='bbox 562 1002 598 1059; x_wconf 88' lang='lat' dir='ltr'>et</span> <span class='ocrx_word' id='word_1_35' title='bbox 630 1001 773 1087; x_wconf 72' lang='lat' dir='ltr'>quanta</span> <span class='ocrx_word' id='word_1_36' title='bbox 803 989 1002 1062; x_wconf 76' lang='lat' dir='ltr'>sanctitatis</span> <span class='ocrx_word' id='word_1_37' title='bbox 1031 991 1127 1091; x_wconf 84' lang='lat' dir='ltr'>apud</span> 
     </span>
     <span class='ocr_line' id='line_1_7' title="bbox 60 1097 1127 1204; baseline 0.002 -27"><span class='ocrx_word' id='word_1_38' title='bbox 60 1105 178 1177; x_wconf 88' lang='lat' dir='ltr'>Deum</span> <span class='ocrx_word' id='word_1_39' title='bbox 210 1117 248 1175; x_wconf 90' lang='lat' dir='ltr'>et</span> <span class='ocrx_word' id='word_1_40' title='bbox 281 1097 513 1175; x_wconf 87' lang='lat' dir='ltr'>sublimitatis</span> <span class='ocrx_word' id='word_1_41' title='bbox 546 1128 627 1202; x_wconf 82' lang='lat' dir='ltr'>erga</span> <span class='ocrx_word' id='word_1_42' title='bbox 658 1101 822 1178; x_wconf 85' lang='lat' dir='ltr'>homines</span> <span class='ocrx_word' id='word_1_43' title='bbox 852 1103 890 1174; x_wconf 91' lang='lat' dir='ltr'>in</span> <span class='ocrx_word' id='word_1_44' title='bbox 923 1130 985 1177; x_wconf 88' lang='lat' dir='ltr'>sua</span> <span class='ocrx_word' id='word_1_45' title='bbox 1014 1106 1127 1204; x_wconf 85' lang='lat' dir='ltr'>patria</span> 
     </span>
     <span class='ocr_line' id='line_1_8' title="bbox 60 1217 1129 1307; baseline 0.001 -16"><span class='ocrx_word' id='word_1_46' title='bbox 60 1233 170 1307; x_wconf 86' lang='lat' dir='ltr'>esset,</span> <span class='ocrx_word' id='word_1_47' title='bbox 190 1218 392 1291; x_wconf 85' lang='lat' dir='ltr'>luculenter</span> <span class='ocrx_word' id='word_1_48' title='bbox 411 1218 604 1290; x_wconf 80' lang='lat' dir='ltr'>enarravit.</span> <span class='ocrx_word' id='word_1_49' title='bbox 625 1217 760 1289; x_wconf 85' lang='lat' dir='ltr'>Praesul</span> <span class='ocrx_word' id='word_1_50' title='bbox 783 1232 904 1291; x_wconf 90' lang='lat' dir='ltr'>autem</span> <span class='ocrx_word' id='word_1_51' title='bbox 924 1218 1043 1293; x_wconf 87' lang='lat' dir='ltr'>audita</span> <span class='ocrx_word' id='word_1_52' title='bbox 1060 1223 1129 1294; x_wconf 85' lang='lat' dir='ltr'>viri</span> 
     </span>
     <span class='ocr_line' id='line_1_9' title="bbox 60 1333 1131 1435; baseline 0.004 -26"><span class='ocrx_word' id='word_1_53' title='bbox 60 1333 250 1409; x_wconf 86' lang='lat' dir='ltr'>sanctitate</span> <span class='ocrx_word' id='word_1_54' title='bbox 271 1335 349 1409; x_wconf 84' lang='lat' dir='ltr'>Deo</span> <span class='ocrx_word' id='word_1_55' title='bbox 370 1335 500 1435; x_wconf 79' lang='lat' dir='ltr'>gratias</span> <span class='ocrx_word' id='word_1_56' title='bbox 518 1335 610 1433; x_wconf 79' lang='lat' dir='ltr'>egit,</span> <span class='ocrx_word' id='word_1_57' title='bbox 628 1360 802 1435; x_wconf 87' lang='lat' dir='ltr'>eumque,</span> <span class='ocrx_word' id='word_1_58' title='bbox 826 1352 867 1407; x_wconf 89' lang='lat' dir='ltr'>ut</span> <span class='ocrx_word' id='word_1_59' title='bbox 887 1336 1035 1411; x_wconf 88' lang='lat' dir='ltr'>decebat</span> <span class='ocrx_word' id='word_1_60' title='bbox 1049 1354 1131 1413; x_wconf 86' lang='lat' dir='ltr'>tan·</span> 
     </span>
     <span class='ocr_line' id='line_1_10' title="bbox 62 1447 1131 1553; baseline 0.006 -29"><span class='ocrx_word' id='word_1_61' title='bbox 62 1470 141 1526; x_wconf 89' lang='lat' dir='ltr'>tum</span> <span class='ocrx_word' id='word_1_62' title='bbox 157 1460 294 1538; x_wconf 81' lang='lat' dir='ltr'>sirum,</span> <span class='ocrx_word' id='word_1_63' title='bbox 310 1447 515 1551; x_wconf 77' lang='lat' dir='ltr'>benigniter</span> <span class='ocrx_word' id='word_1_64' title='bbox 529 1452 703 1550; x_wconf 77' lang='lat' dir='ltr'>suscepit,</span> <span class='ocrx_word' id='word_1_65' title='bbox 720 1478 911 1553; x_wconf 81' lang='lat' dir='ltr'>secumque</span> <span class='ocrx_word' id='word_1_66' title='bbox 924 1471 1131 1530; x_wconf 69' lang='lat' dir='ltr'>reverenter</span> 
     </span>
     <span class='ocr_line' id='line_1_11' title="bbox 60 1565 1132 1670; baseline 0.004 -28"><span class='ocrx_word' id='word_1_67' title='bbox 60 1595 174 1670; x_wconf 79' lang='lat' dir='ltr'>usque</span> <span class='ocrx_word' id='word_1_68' title='bbox 190 1566 420 1641; x_wconf 83' lang='lat' dir='ltr'>Antiochiam</span> <span class='ocrx_word' id='word_1_69' title='bbox 437 1568 599 1641; x_wconf 85' lang='lat' dir='ltr'>deduxit.</span> <span class='ocrx_word' id='word_1_70' title='bbox 620 1567 672 1640; x_wconf 89' lang='lat' dir='ltr'>lbi</span> <span class='ocrx_word' id='word_1_71' title='bbox 691 1565 832 1645; x_wconf 70' lang='lat' dir='ltr'>‚diversa</span> <span class='ocrx_word' id='word_1_72' title='bbox 851 1571 1051 1670; x_wconf 78' lang='lat' dir='ltr'>peregrinis</span> <span class='ocrx_word' id='word_1_73' title='bbox 1065 1596 1132 1646; x_wconf 82' lang='lat' dir='ltr'>vo-</span> 
     </span>
     <span class='ocr_line' id='line_1_12' title="bbox 61 1681 1129 1786; baseline 0.004 -27"><span class='ocrx_word' id='word_1_74' title='bbox 61 1687 182 1760; x_wconf 89' lang='lat' dir='ltr'>luntas</span> <span class='ocrx_word' id='word_1_75' title='bbox 200 1681 329 1760; x_wconf 86' lang='lat' dir='ltr'>oborta</span> <span class='ocrx_word' id='word_1_76' title='bbox 346 1700 413 1759; x_wconf 89' lang='lat' dir='ltr'>est.</span> <span class='ocrx_word' id='word_1_77' title='bbox 436 1685 527 1759; x_wconf 86' lang='lat' dir='ltr'>Nam</span> <span class='ocrx_word' id='word_1_78' title='bbox 544 1685 690 1786; x_wconf 89' lang='lat' dir='ltr'>quidam</span> <span class='ocrx_word' id='word_1_79' title='bbox 713 1712 840 1760; x_wconf 82' lang='lat' dir='ltr'>eorum</span> <span class='ocrx_word' id='word_1_80' title='bbox 859 1702 1028 1763; x_wconf 83' lang='lat' dir='ltr'>terrestre</span> <span class='ocrx_word' id='word_1_81' title='bbox 1047 1689 1129 1776; x_wconf 88' lang='lat' dir='ltr'>iter,</span> 
     </span>
     <span class='ocr_line' id='line_1_13' title="bbox 61 1803 1130 1902; baseline 0.004 -27"><span class='ocrx_word' id='word_1_82' title='bbox 61 1819 103 1875; x_wconf 92' lang='lat' dir='ltr'>ut</span> <span class='ocrx_word' id='word_1_83' title='bbox 129 1818 337 1902; x_wconf 88' lang='lat' dir='ltr'>coeperant,</span> <span class='ocrx_word' id='word_1_84' title='bbox 366 1829 478 1902; x_wconf 90' lang='lat' dir='ltr'>usque</span> <span class='ocrx_word' id='word_1_85' title='bbox 506 1803 542 1875; x_wconf 92' lang='lat' dir='ltr'>in</span> <span class='ocrx_word' id='word_1_86' title='bbox 568 1803 763 1876; x_wconf 86' lang='lat' dir='ltr'>Jerusalem</span> <span class='ocrx_word' id='word_1_87' title='bbox 791 1819 913 1878; x_wconf 86' lang='lat' dir='ltr'>tenere</span> <span class='ocrx_word' id='word_1_88' title='bbox 947 1805 1130 1881; x_wconf 80' lang='lat' dir='ltr'>solebant.</span> 
     </span>
     <span class='ocr_line' id='line_1_14' title="bbox 62 1915 1134 2022; baseline 0.003 -30"><span class='ocrx_word' id='word_1_89' title='bbox 62 1918 136 1992; x_wconf 82' lang='lat' dir='ltr'>Alii</span> <span class='ocrx_word' id='word_1_90' title='bbox 155 1944 241 1992; x_wconf 84' lang='lat' dir='ltr'>vero</span> <span class='ocrx_word' id='word_1_91' title='bbox 262 1915 465 1991; x_wconf 87' lang='lat' dir='ltr'>barbariem</span> <span class='ocrx_word' id='word_1_92' title='bbox 484 1917 648 2017; x_wconf 72' lang='lat' dir='ltr'>gentium</span> <span class='ocrx_word' id='word_1_93' title='bbox 666 1934 886 2005; x_wconf 82' lang='lat' dir='ltr'>metuentes,</span> <span class='ocrx_word' id='word_1_94' title='bbox 909 1922 1052 2021; x_wconf 79' lang='lat' dir='ltr'>navigio</span> <span class='ocrx_word' id='word_1_95' title='bbox 1068 1948 1134 2022; x_wconf 85' lang='lat' dir='ltr'>per</span> 
     </span>
     <span class='ocr_line' id='line_1_15' title="bbox 63 2034 1134 2135; baseline 0.003 -27"><span class='ocrx_word' id='word_1_96' title='bbox 63 2050 222 2133; x_wconf 88' lang='lat' dir='ltr'>pontum</span> <span class='ocrx_word' id='word_1_97' title='bbox 248 2035 300 2108; x_wconf 88' lang='lat' dir='ltr'>ire</span> <span class='ocrx_word' id='word_1_98' title='bbox 327 2034 583 2123; x_wconf 79' lang='lat' dir='ltr'>decreverunt,</span> <span class='ocrx_word' id='word_1_99' title='bbox 610 2060 770 2134; x_wconf 90' lang='lat' dir='ltr'>quorum</span> <span class='ocrx_word' id='word_1_100' title='bbox 793 2035 946 2110; x_wconf 88' lang='lat' dir='ltr'>consilio</span> <span class='ocrx_word' id='word_1_101' title='bbox 970 2036 1134 2135; x_wconf 79' lang='lat' dir='ltr'>pontifex</span> 
     </span>
     <span class='ocr_line' id='line_1_16' title="bbox 64 2146 1135 2252; baseline 0.005 -32"><span class='ocrx_word' id='word_1_102' title='bbox 64 2165 103 2221; x_wconf 77' lang='lat' dir='ltr'>et</span> <span class='ocrx_word' id='word_1_103' title='bbox 119 2146 248 2239; x_wconf 88' lang='lat' dir='ltr'>abbas,</span> <span class='ocrx_word' id='word_1_104' title='bbox 266 2149 400 2252; x_wconf 88' lang='lat' dir='ltr'>aliique</span> <span class='ocrx_word' id='word_1_105' title='bbox 415 2149 536 2249; x_wconf 87' lang='lat' dir='ltr'>plures</span> <span class='ocrx_word' id='word_1_106' title='bbox 557 2174 736 2222; x_wconf 85' lang='lat' dir='ltr'>assensum</span> <span class='ocrx_word' id='word_1_107' title='bbox 757 2147 1006 2248; x_wconf 79' lang='lat' dir='ltr'>praebuerunt.</span> <span class='ocrx_word' id='word_1_108' title='bbox 1026 2151 1135 2225; x_wconf 87' lang='lat' dir='ltr'>Cum·</span> 
     </span>
     <span class='ocr_line' id='line_1_17' title="bbox 63 2266 1134 2368; baseline 0.005 -29"><span class='ocrx_word' id='word_1_109' title='bbox 63 2293 138 2368; x_wconf 87' lang='lat' dir='ltr'>que</span> <span class='ocrx_word' id='word_1_110' title='bbox 160 2266 293 2367; x_wconf 75' lang='lat' dir='ltr'>praesul</span> <span class='ocrx_word' id='word_1_111' title='bbox 316 2293 445 2340; x_wconf 74' lang='lat' dir='ltr'>suavem</span> <span class='ocrx_word' id='word_1_112' title='bbox 462 2281 656 2367; x_wconf 85' lang='lat' dir='ltr'>nautasque</span> <span class='ocrx_word' id='word_1_113' title='bbox 674 2267 810 2366; x_wconf 88' lang='lat' dir='ltr'>peritos</span> <span class='ocrx_word' id='word_1_114' title='bbox 829 2268 1083 2367; x_wconf 68' lang='lat' dir='ltr'>perquireret,</span> <span class='ocrx_word' id='word_1_115' title='bbox 1097 2286 1134 2344; x_wconf 89' lang='lat' dir='ltr'>et</span> 
     </span>
     <span class='ocr_line' id='line_1_18' title="bbox 63 2381 1134 2485; baseline 0.001 -28"><span class='ocrx_word' id='word_1_116' title='bbox 63 2384 213 2485; x_wconf 86' lang='lat' dir='ltr'>quidam</span> <span class='ocrx_word' id='word_1_117' title='bbox 234 2383 420 2485; x_wconf 74' lang='lat' dir='ltr'>religiosus</span> <span class='ocrx_word' id='word_1_118' title='bbox 438 2381 727 2454; x_wconf 81' lang='lat' dir='ltr'>Archimandrita</span> <span class='ocrx_word' id='word_1_119' title='bbox 753 2381 912 2456; x_wconf 86' lang='lat' dir='ltr'>eoenobii</span> <span class='ocrx_word' id='word_1_120' title='bbox 931 2385 1062 2467; x_wconf 62' lang='lat' dir='ltr'>Sancti,</span> <span class='ocrx_word' id='word_1_121' title='bbox 1074 2384 1134 2458; x_wconf 88' lang='lat' dir='ltr'>Si-</span> 
     </span>
     <span class='ocr_line' id='line_1_19' title="bbox 65 2499 1135 2601; baseline 0.001 -26"><span class='ocrx_word' id='word_1_122' title='bbox 65 2502 207 2577; x_wconf 85' lang='lat' dir='ltr'>meonis</span> <span class='ocrx_word' id='word_1_123' title='bbox 227 2502 264 2573; x_wconf 91' lang='lat' dir='ltr'>in</span> <span class='ocrx_word' id='word_1_124' title='bbox 283 2517 394 2600; x_wconf 87' lang='lat' dir='ltr'>portu</span> <span class='ocrx_word' id='word_1_125' title='bbox 410 2500 526 2601; x_wconf 77' lang='lat' dir='ltr'>Syrias</span> <span class='ocrx_word' id='word_1_126' title='bbox 542 2499 782 2573; x_wconf 86' lang='lat' dir='ltr'>Teodericum</span> <span class='ocrx_word' id='word_1_127' title='bbox 804 2526 888 2572; x_wconf 91' lang='lat' dir='ltr'>cum</span> <span class='ocrx_word' id='word_1_128' title='bbox 903 2502 976 2573; x_wconf 88' lang='lat' dir='ltr'>suis</span> <span class='ocrx_word' id='word_1_129' title='bbox 993 2502 1135 2576; x_wconf 90' lang='lat' dir='ltr'>comiti·</span> 
     </span>
     <span class='ocr_line' id='line_1_20' title="bbox 65 2615 1133 2706; baseline 0.003 -15"><span class='ocrx_word' id='word_1_130' title='bbox 65 2619 135 2691; x_wconf 86' lang='lat' dir='ltr'>bns</span> <span class='ocrx_word' id='word_1_131' title='bbox 152 2617 417 2695; x_wconf 80' lang='lat' dir='ltr'>honorabiliter</span> <span class='ocrx_word' id='word_1_132' title='bbox 431 2617 627 2706; x_wconf 87' lang='lat' dir='ltr'>detineret,</span> <span class='ocrx_word' id='word_1_133' title='bbox 643 2615 841 2691; x_wconf 86' lang='lat' dir='ltr'>Herbertus</span> <span class='ocrx_word' id='word_1_134' title='bbox 857 2617 1035 2691; x_wconf 80' lang='lat' dir='ltr'>Uticensis</span> <span class='ocrx_word' id='word_1_135' title='bbox 1052 2644 1133 2694; x_wconf 87' lang='lat' dir='ltr'>mo-</span> 
     </span>
     <span class='ocr_line' id='line_1_21' title="bbox 66 2733 1132 2835; baseline -0.001 -26"><span class='ocrx_word' id='word_1_136' title='bbox 66 2735 203 2809; x_wconf 86' lang='lat' dir='ltr'>nachus</span> <span class='ocrx_word' id='word_1_137' title='bbox 223 2736 291 2809; x_wconf 84' lang='lat' dir='ltr'>iter</span> <span class='ocrx_word' id='word_1_138' title='bbox 312 2733 529 2808; x_wconf 86' lang='lat' dir='ltr'>accelerandi</span> <span class='ocrx_word' id='word_1_139' title='bbox 551 2734 728 2808; x_wconf 87' lang='lat' dir='ltr'>desiderio</span> <span class='ocrx_word' id='word_1_140' title='bbox 749 2733 978 2833; x_wconf 82' lang='lat' dir='ltr'>fatigabatur,</span> <span class='ocrx_word' id='word_1_141' title='bbox 1001 2737 1132 2835; x_wconf 77' lang='lat' dir='ltr'>magis·</span> 
     </span>
     <span class='ocr_line' id='line_1_22' title="bbox 64 2849 1133 2955; baseline -0.001 -28"><span class='ocrx_word' id='word_1_142' title='bbox 64 2881 138 2955; x_wconf 87' lang='lat' dir='ltr'>que</span> <span class='ocrx_word' id='word_1_143' title='bbox 160 2880 225 2954; x_wconf 88' lang='lat' dir='ltr'>per</span> <span class='ocrx_word' id='word_1_144' title='bbox 250 2870 383 2927; x_wconf 85' lang='lat' dir='ltr'>terram</span> <span class='ocrx_word' id='word_1_145' title='bbox 400 2879 510 2952; x_wconf 86' lang='lat' dir='ltr'>quam</span> <span class='ocrx_word' id='word_1_146' title='bbox 529 2877 593 2950; x_wconf 86' lang='lat' dir='ltr'>per</span> <span class='ocrx_word' id='word_1_147' title='bbox 617 2876 714 2924; x_wconf 87' lang='lat' dir='ltr'>mare</span> <span class='ocrx_word' id='word_1_148' title='bbox 731 2865 851 2923; x_wconf 84' lang='lat' dir='ltr'>sancta</span> <span class='ocrx_word' id='word_1_149' title='bbox 873 2849 950 2924; x_wconf 83' lang='lat' dir='ltr'>loca</span> <span class='ocrx_word' id='word_1_150' title='bbox 968 2867 1133 2950; x_wconf 84' lang='lat' dir='ltr'>expetere</span> 
     </span>
     <span class='ocr_line' id='line_1_23' title="bbox 64 2969 1134 3072; baseline -0.002 -27"><span class='ocrx_word' id='word_1_151' title='bbox 64 2969 264 3047; x_wconf 80' lang='lat' dir='ltr'>nitebatur.</span> <span class='ocrx_word' id='word_1_152' title='bbox 287 2969 408 3045; x_wconf 79' lang='lat' dir='ltr'>Abbas</span> <span class='ocrx_word' id='word_1_153' title='bbox 433 2973 550 3071; x_wconf 88' lang='lat' dir='ltr'>itaque</span> <span class='ocrx_word' id='word_1_154' title='bbox 572 2996 656 3043; x_wconf 89' lang='lat' dir='ltr'>suus</span> <span class='ocrx_word' id='word_1_155' title='bbox 673 2970 705 3044; x_wconf 88' lang='lat' dir='ltr'>ei</span> <span class='ocrx_word' id='word_1_156' title='bbox 728 2971 911 3045; x_wconf 85' lang='lat' dir='ltr'>licentiam</span> <span class='ocrx_word' id='word_1_157' title='bbox 929 2970 1035 3045; x_wconf 88' lang='lat' dir='ltr'>eundi</span> <span class='ocrx_word' id='word_1_158' title='bbox 1057 2996 1134 3072; x_wconf 85' lang='lat' dir='ltr'>quo</span> 
     </span>
     <span class='ocr_line' id='line_1_24' title="bbox 67 3088 1133 3188; baseline 0.003 -29"><span class='ocrx_word' id='word_1_159' title='bbox 67 3090 175 3163; x_wconf 80' lang='lat' dir='ltr'>vellet</span> <span class='ocrx_word' id='word_1_160' title='bbox 199 3088 310 3163; x_wconf 85' lang='lat' dir='ltr'>dedit.</span> <span class='ocrx_word' id='word_1_161' title='bbox 338 3088 400 3162; x_wconf 90' lang='lat' dir='ltr'>llle</span> <span class='ocrx_word' id='word_1_162' title='bbox 424 3105 544 3163; x_wconf 87' lang='lat' dir='ltr'>autem</span> <span class='ocrx_word' id='word_1_163' title='bbox 570 3103 737 3162; x_wconf 85' lang='lat' dir='ltr'>terrestre</span> <span class='ocrx_word' id='word_1_164' title='bbox 763 3089 831 3162; x_wconf 87' lang='lat' dir='ltr'>iter</span> <span class='ocrx_word' id='word_1_165' title='bbox 853 3115 1021 3188; x_wconf 86' lang='lat' dir='ltr'>carpens,</span> <span class='ocrx_word' id='word_1_166' title='bbox 1049 3116 1133 3163; x_wconf 83' lang='lat' dir='ltr'>curn</span> 
     </span>
     <span class='ocr_line' id='line_1_25' title="bbox 66 3202 1131 3305; baseline -0.001 -28"><span class='ocrx_word' id='word_1_167' title='bbox 66 3224 184 3279; x_wconf 88' lang='lat' dir='ltr'>turma</span> <span class='ocrx_word' id='word_1_168' title='bbox 202 3203 364 3304; x_wconf 88' lang='lat' dir='ltr'>peditum</span> <span class='ocrx_word' id='word_1_169' title='bbox 383 3230 494 3305; x_wconf 86' lang='lat' dir='ltr'>usque</span> <span class='ocrx_word' id='word_1_170' title='bbox 512 3204 713 3278; x_wconf 81' lang='lat' dir='ltr'>Laodiciam</span> <span class='ocrx_word' id='word_1_171' title='bbox 732 3205 915 3303; x_wconf 76' lang='lat' dir='ltr'>persensit,</span> <span class='ocrx_word' id='word_1_172' title='bbox 935 3202 1057 3305; x_wconf 82' lang='lat' dir='ltr'>ibique</span> <span class='ocrx_word' id='word_1_173' title='bbox 1072 3230 1131 3277; x_wconf 80' lang='lat' dir='ltr'>ae·</span> 
     </span>
     <span class='ocr_line' id='line_1_26' title="bbox 66 3320 1133 3421; baseline 0.001 -26"><span class='ocrx_word' id='word_1_174' title='bbox 66 3324 254 3397; x_wconf 77' lang='lat' dir='ltr'>laemeoter</span> <span class='ocrx_word' id='word_1_175' title='bbox 268 3337 445 3421; x_wconf 77' lang='lat' dir='ltr'>aegrotans</span> <span class='ocrx_word' id='word_1_176' title='bbox 460 3323 565 3395; x_wconf 84' lang='lat' dir='ltr'>sociis</span> <span class='ocrx_word' id='word_1_177' title='bbox 578 3320 793 3394; x_wconf 87' lang='lat' dir='ltr'>abeuntibus</span> <span class='ocrx_word' id='word_1_178' title='bbox 804 3320 865 3393; x_wconf 92' lang='lat' dir='ltr'>din</span> <span class='ocrx_word' id='word_1_179' title='bbox 883 3323 1066 3396; x_wconf 85' lang='lat' dir='ltr'>remansit.</span> <span class='ocrx_word' id='word_1_180' title='bbox 1086 3324 1133 3396; x_wconf 82' lang='lat' dir='ltr'>Et</span> 
     </span>
     <span class='ocr_line' id='line_1_27' title="bbox 65 3437 1131 3540; baseline 0.003 -30"><span class='ocrx_word' id='word_1_181' title='bbox 65 3454 257 3540; x_wconf 76' lang='lat' dir='ltr'>postquam</span> <span class='ocrx_word' id='word_1_182' title='bbox 271 3439 330 3511; x_wconf 79' lang='lat' dir='ltr'>vix</span> <span class='ocrx_word' id='word_1_183' title='bbox 344 3437 389 3509; x_wconf 89' lang='lat' dir='ltr'>de</span> <span class='ocrx_word' id='word_1_184' title='bbox 405 3437 538 3509; x_wconf 85' lang='lat' dir='ltr'>lectulo</span> <span class='ocrx_word' id='word_1_185' title='bbox 550 3438 722 3523; x_wconf 81' lang='lat' dir='ltr'>surrexit,</span> <span class='ocrx_word' id='word_1_186' title='bbox 740 3462 814 3509; x_wconf 90' lang='lat' dir='ltr'>non</span> <span class='ocrx_word' id='word_1_187' title='bbox 834 3438 988 3510; x_wconf 85' lang='lat' dir='ltr'>inantea</span> <span class='ocrx_word' id='word_1_188' title='bbox 1006 3438 1131 3536; x_wconf 82' lang='lat' dir='ltr'>pedem</span> 
     </span>
     <span class='ocr_line' id='line_1_28' title="bbox 68 3550 1133 3652; baseline 0.002 -25"><span class='ocrx_word' id='word_1_189' title='bbox 68 3552 244 3639; x_wconf 82' lang='lat' dir='ltr'>tetendit,</span> <span class='ocrx_word' id='word_1_190' title='bbox 263 3552 322 3627; x_wconf 80' lang='lat' dir='ltr'>ssd</span> <span class='ocrx_word' id='word_1_191' title='bbox 341 3553 427 3625; x_wconf 85' lang='lat' dir='ltr'>Eois</span> <span class='ocrx_word' id='word_1_192' title='bbox 440 3550 602 3652; x_wconf 85' lang='lat' dir='ltr'>partibus</span> <span class='ocrx_word' id='word_1_193' title='bbox 619 3551 753 3626; x_wconf 84' lang='lat' dir='ltr'>relictis·</span> <span class='ocrx_word' id='word_1_194' title='bbox 770 3552 1026 3626; x_wconf 85' lang='lat' dir='ltr'>occidentalem</span> <span class='ocrx_word' id='word_1_195' title='bbox 1041 3554 1133 3629; x_wconf 86' lang='lat' dir='ltr'>Nor·</span> 
     </span>
     <span class='ocr_line' id='line_1_29' title="bbox 67 3670 658 3773; baseline -0.005 -28"><span class='ocrx_word' id='word_1_196' title='bbox 67 3672 253 3745; x_wconf 85' lang='lat' dir='ltr'>manniam</span> <span class='ocrx_word' id='word_1_197' title='bbox 270 3670 485 3773; x_wconf 74' lang='lat' dir='ltr'>quantocius</span> <span class='ocrx_word' id='word_1_198' title='bbox 503 3671 658 3769; x_wconf 80' lang='lat' dir='ltr'>repetiit.</span> 
     </span>
    </p>

    <p class='ocr_par' dir='ltr' id='par_1_2' title="bbox 68 3784 1136 4251">
     <span class='ocr_line' id='line_1_30' title="bbox 118 3784 1135 3886; baseline 0.005 -25"><span class='ocrx_word' id='word_1_199' title='bbox 118 3785 254 3861; x_wconf 82' lang='lat' dir='ltr'>Deinde</span> <span class='ocrx_word' id='word_1_200' title='bbox 282 3786 421 3886; x_wconf 38' lang='lat' dir='ltr'>praesul·</span> <span class='ocrx_word' id='word_1_201' title='bbox 436 3784 716 3861; x_wconf 81' lang='lat' dir='ltr'>ct·‘Teodericus</span> <span class='ocrx_word' id='word_1_202' title='bbox 745 3802 780 3857; x_wconf 84' lang='lat' dir='ltr'>et</span> <span class='ocrx_word' id='word_1_203' title='bbox 805 3784 1018 3860; x_wconf 84' lang='lat' dir='ltr'>Willermus</span> <span class='ocrx_word' id='word_1_204' title='bbox 1038 3792 1135 3865; x_wconf 81' lang='lat' dir='ltr'>bona</span> 
     </span>
     <span class='ocr_line' id='line_1_31' title="bbox 68 3904 1135 4012; baseline 0 -31"><span class='ocrx_word' id='word_1_205' title='bbox 68 3909 218 3991; x_wconf 70' lang='lat' dir='ltr'>Asiima,</span> <span class='ocrx_word' id='word_1_206' title='bbox 239 3908 403 4012; x_wconf 66' lang='lat' dir='ltr'>sociique</span> <span class='ocrx_word' id='word_1_207' title='bbox 415 3931 540 3978; x_wconf 88' lang='lat' dir='ltr'>eorum</span> <span class='ocrx_word' id='word_1_208' title='bbox 559 3906 594 3977; x_wconf 92' lang='lat' dir='ltr'>in</span> <span class='ocrx_word' id='word_1_209' title='bbox 615 3920 721 4003; x_wconf 86' lang='lat' dir='ltr'>portu</span> <span class='ocrx_word' id='word_1_210' title='bbox 736 3904 854 3976; x_wconf 65' lang='lat' dir='ltr'>&amp;steti</span> <span class='ocrx_word' id='word_1_211' title='bbox 875 3906 1052 3979; x_wconf 83' lang='lat' dir='ltr'>Simeonis</span> <span class='ocrx_word' id='word_1_212' title='bbox 1068 3935 1135 3981; x_wconf 90' lang='lat' dir='ltr'>na-</span> 
     </span>
     <span class='ocr_line' id='line_1_32' title="bbox 69 4020 1133 4123; baseline 0.006 -33"><span class='ocrx_word' id='word_1_213' title='bbox 69 4051 148 4095; x_wconf 70' lang='lat' dir='ltr'>rem</span> <span class='ocrx_word' id='word_1_214' title='bbox 179 4021 434 4108; x_wconf 85' lang='lat' dir='ltr'>ascenderunt,</span> <span class='ocrx_word' id='word_1_215' title='bbox 462 4038 498 4095; x_wconf 91' lang='lat' dir='ltr'>et</span> <span class='ocrx_word' id='word_1_216' title='bbox 527 4020 701 4093; x_wconf 86' lang='lat' dir='ltr'>sulcantes</span> <span class='ocrx_word' id='word_1_217' title='bbox 730 4048 874 4122; x_wconf 68' lang='lat' dir='ltr'>aequora</span> <span class='ocrx_word' id='word_1_218' title='bbox 908 4024 943 4095; x_wconf 90' lang='lat' dir='ltr'>iu</span> <span class='ocrx_word' id='word_1_219' title='bbox 972 4022 1133 4123; x_wconf 78' lang='lat' dir='ltr'>Cyprum</span> 
     </span>
     <span class='ocr_line' id='line_1_33' title="bbox 71 4135 1136 4251; baseline 0.002 -42"><span class='ocrx_word' id='word_1_220' title='bbox 71 4136 226 4209; x_wconf 83' lang='lat' dir='ltr'>insulam</span> <span class='ocrx_word' id='word_1_221' title='bbox 246 4138 522 4236; x_wconf 72' lang='lat' dir='ltr'>navigaverunt,</span> <span class='ocrx_word' id='word_1_222' title='bbox 550 4136 672 4236; x_wconf 85' lang='lat' dir='ltr'>ibique</span> <span class='ocrx_word' id='word_1_223' title='bbox 692 4137 728 4229; x_wconf 83' lang='lat' dir='ltr'>in</span> <span class='ocrx_word' id='word_1_224' title='bbox 755 4136 877 4245; x_wconf 83' lang='lat' dir='ltr'>littore</span> <span class='ocrx_word' id='word_1_225' title='bbox 898 4137 1005 4251; x_wconf 70' lang='lat' dir='ltr'>maris</span> <span class='ocrx_word' id='word_1_226' title='bbox 1024 4135 1136 4212; x_wconf 83' lang='lat' dir='ltr'>abba-</span> 
     </span>
    </p>

    <p class='ocr_par' dir='ltr' id='par_1_3' title="bbox 144 4262 991 4327">
     <span class='ocr_line' id='line_1_34' title="bbox 144 4262 991 4327; baseline 0.002 -2"><span class='ocrx_word' id='word_1_227' title='bbox 144 4280 182 4326; x_wconf 85' lang='lat' dir='ltr'>n.</span> <span class='ocrx_word' id='word_1_228' title='bbox 944 4286 950 4301; x_wconf 90' lang='lat'><em>·</em></span> <span class='ocrx_word' id='word_1_229' title='bbox 971 4262 991 4327; x_wconf 91' lang='lat'><strong>5</strong></span> 
     </span>
    </p>
   </div>
   <div class='ocr_carea' id='block_1_2' title="bbox 0 0 1403 5094">
    <p class='ocr_par' dir='ltr' id='par_1_4' title="bbox 0 0 1403 5094">
     <span class='ocr_line' id='line_1_35' title="bbox 0 0 1403 5094; baseline 0 0"><span class='ocrx_word' id='word_1_230' title='bbox 0 0 1403 5094; x_wconf 95' lang='lat' dir='ltr'> </span> 
     </span>
    </p>
   </div>
  </div>
 </body>
</html>
