2768 5094
294 361 354 423 266
568 356 751 417 HISTORIA
773 353 1076 417 ecctsssttstlct.
1255 360 1339 433 [tcttj

294 480 377 554 dem
393 477 567 577 religiosis
587 477 761 577 episcopis
776 491 814 549 et
830 472 1019 547 abbatibus
1036 499 1129 574 saepe
1147 473 1240 548 sseus
1253 501 1341 549 euar-

295 595 409 668 rabat.
427 595 549 694 Spatio
568 596 686 695 itaque
697 595 804 667 unius
816 594 901 666 anni
911 596 1013 692 juxta
1029 591 1258 667 sacerdotum
1269 618 1342 666 con-

294 711 414 783 silium
449 709 643 809 poenituit,
672 726 709 784 et
732 709 894 808 quotidie
921 722 1069 783 centum
1096 708 1342 809 quinquaginta

293 823 451 898 Psalmos
467 825 597 911 David,
620 850 712 924 quos
726 825 764 897 in
779 823 929 896 infantia
942 823 1127 911 didicerat,
1143 824 1183 896 in
1196 825 1345 898 oratioue

294 942 370 1015 Deo
387 943 531 1015 cecinit.
548 943 632 1014 Erat
647 939 740 1014 idem
755 942 810 1013 vir
825 967 980 1041 corpore
991 966 1140 1040 magnus
1154 956 1193 1014 et
1204 941 1345 1040 elegans,

295 1059 457 1159 largitate
473 1086 514 1132 ac
530 1059 672 1132 audacia
689 1059 812 1131 multis
828 1056 988 1131 millibus
1002 1074 1193 1157 praestans,
1211 1055 1348 1131 devotus

295 1178 361 1251 Dei
379 1177 513 1264 cultor,
532 1176 757 1251 sacerdotum
774 1192 812 1251 et
827 1177 991 1250 omniurn
1005 1176 1260 1276 religiosorum
1276 1200 1348 1272 sup-

294 1294 376 1393 plex
387 1294 545 1381 auditor,
560 1295 729 1368 Ecclesiae
741 1319 1010 1393 pauperumque
1021 1289 1201 1391 benignus
1211 1309 1348 1366 amator.

294 1411 366 1484 Pro
383 1409 437 1484 bis
453 1428 491 1486 et
503 1412 627 1484 multis
643 1411 720 1484 aliis
737 1408 1020 1497 charismatibus,
1034 1407 1168 1509 quibus
1183 1408 1220 1480 iu
1235 1408 1351 1483 ordine

296 1528 408 1601 laicali
427 1529 626 1628 specialiter
640 1526 843 1615 fruebatur,
862 1554 880 1598 a
904 1527 976 1599 suis
1000 1542 1036 1600 et
1057 1523 1102 1599 ab
1124 1525 1277 1612 exteris,
1295 1526 1351 1623 qui

295 1645 372 1720 Deo
394 1645 522 1744 placita
542 1643 691 1744 diligere
708 1660 870 1730 norunt,
895 1643 1050 1715 multum
1071 1639 1303 1740 diligebatur,
1324 1656 1353 1711 et

294 1763 434 1860 ereptio
445 1765 519 1861 ejus
529 1790 548 1834 a
560 1763 713 1837 vinculis
727 1763 764 1834 iu
777 1787 895 1835 annua
906 1759 1232 1859 procrastinatione
1242 1759 1354 1833 omni·

295 1881 411 1954 modis
427 1879 673 1981 expetebatur.
698 1881 860 1982 Denique
879 1879 1076 1977 praevalens
1092 1877 1224 1951 concio
1245 1903 1354 1950 aernu·

295 1995 416 2070 lorum
433 2000 507 2095 ejus
525 1999 562 2071 in
579 1999 677 2070 curia
694 1997 802 2097 regali
818 1994 1013 2070 coadunata
1028 2010 1099 2080 est;
1113 2019 1272 2093 eumque
1284 2011 1354 2092 post

295 2115 430 2189 multos
447 2131 617 2188 tractatus
634 2142 736 2188 reum
754 2142 828 2188 esse
846 2115 974 2186 mortis
994 2111 1186 2186 definitum
1206 2126 1282 2198 est,
1299 2112 1354 2209 qui

294 2230 473 2305 sodalibus
496 2232 540 2307 de
559 2247 678 2306 morte
702 2231 850 2325 domini
868 2231 922 2301 sui
948 2226 1185 2303 tractantibus
1209 2253 1357 2300 consen·

295 2350 400 2436 serit,
421 2376 487 2422 nec
506 2376 566 2423 eos
581 2375 648 2447 pro
667 2348 770 2421 herili
792 2349 903 2421 exitio
919 2347 1134 2447 perculerit,
1153 2372 1221 2419 nec
1241 2360 1356 2446 aperta

293 2462 473 2538 delatione
496 2466 704 2538 scelerosam
731 2464 927 2539 factionem
948 2465 1136 2539 detexerit.
1159 2462 1237 2537 Nec
1263 2488 1357 2536 mora

294 2577 486 2652 Guallevus
509 2608 527 2652 a
552 2581 794 2668 Normannis,
827 2582 889 2680 qui
922 2583 1124 2655 evasionem
1154 2583 1231 2679 ejus
1262 2577 1358 2653 valde

295 2694 492 2785 timebant,
517 2695 657 2798 sibique
675 2696 807 2796 praedia
826 2702 901 2796 ejus
918 2715 954 2772 et
975 2699 1090 2798 largos
1110 2696 1270 2771 bonores
1290 2697 1358 2769 adi·

294 2814 381 2911 pisci
405 2812 619 2913 cupiebant,
642 2831 742 2888 extra
766 2813 891 2888 urbem
913 2814 1111 2900 Gueutam,
1131 2840 1259 2899 mane,
1276 2813 1358 2885 dum

295 2928 410 3002 adhuc
425 2931 582 3030 populus
603 2930 798 3016 dormiret,
818 2932 946 3004 duetus
968 2947 1022 3004 est
1045 2931 1082 3003 in
1100 2944 1268 3003 montem
1284 2932 1358 3025 (1),

296 3043 357 3116 ubi
377 3073 475 3120 nune
493 3048 636 3121 ecclesia
654 3050 765 3121 saneti
785 3046 917 3148 AEgidii
934 3046 1073 3119 abbatis
1090 3063 1126 3120 et
1149 3045 1362 3121 confessoris

295 3178 501 3237 constructa
521 3180 586 3237 est.
605 3163 657 3237 lbi
673 3181 785 3238 vestes
799 3192 889 3252 suas,
905 3164 1038 3264 quibus
1051 3179 1093 3235 ut
1106 3163 1234 3237 consul
1253 3163 1362 3238 bono

294 3280 395 3354 rifice
420 3279 566 3353 indutus
589 3285 781 3380 processit,
809 3283 946 3356 clericis
970 3300 1006 3356 et
1031 3280 1271 3382 pauperibus,
1300 3284 1360 3380 qui

293 3396 389 3472 sorte
406 3395 552 3471 aderunt
576 3399 620 3471 ad
637 3398 706 3473 boc
722 3400 985 3499 spectaculum,
1006 3401 1135 3473 devote
1154 3396 1359 3482 distribuit,

295 3512 479 3615 humoque
500 3515 761 3614 procumbens,
788 3543 870 3589 cum
894 3517 1061 3615 lacrymis
1084 3531 1121 3587 et
1144 3513 1360 3615 singultibus

298 3632 496 3703 Dominum
515 3633 650 3704 diutius
666 3635 840 3706 exoravit.

343 3746 506 3846 Cumque
523 3748 707 3820 carnifices
727 3749 946 3847 trepidarent
970 3776 1015 3821 tte
1032 3751 1125 3823 cives
1143 3749 1250 3821 exciti
1269 3776 1360 3847 prae·

330 3945 338 4007 l
345 3946 368 4008 r)
388 3945 434 3995 (lu
453 3945 507 3997 voit
521 3964 620 3998 encore
635 3963 681 3998 sur·
694 3957 764 4000 cette
781 3947 894 4013 colline,
910 3952 1021 4019 sepiatur
1034 3949 1069 4002 de
1084 3949 1111 3999 ll
1123 3950 1265 4003 iucbester
1278 3966 1325 4020 par
1337 3945 1357 3997 u

294 4028 393 4082 risten
407 4029 542 4093 alltcbiu,
557 4031 594 4083 les
608 4033 699 4088 rtiiues
711 4033 745 4088 de
758 4034 881 4106 l'luipital
892 4037 939 4107 qui
952 4054 969 4107 t·
983 4055 998 4087 a
1012 4037 1097 4089 existe
1112 4052 1175 4089 uitis
1188 4035 1357 4089 l’insuratiou

296 4115 331 4171 de
345 4120 415 4172 saltat
428 4119 526 4173 (illies.
