2768 5094
10 256 189 449 arniba]
353 330 470 393 trusa
491 328 674 406 oururus.
984 332 1044 393 aaa

10 477 133 550 eoque
158 453 335 547 sanguine
364 449 543 547 tristificari
564 464 707 549 posset,
742 472 899 519 eruorem
927 474 1045 521 meum

10 594 42 639 ro
57 567 127 640 ilio
144 565 394 665 effunderem‚·
417 585 451 639 et
465 566 553 668 plns
572 590 681 665 quiem
692 565 858 659 femineo
882 564 1047 639 imbecil-

10 702 67 759 tos
90 684 270 785 spondere
291 684 421 772 audet,
442 699 592 785 paterer
611 685 843 756 anxietatem.
872 682 1046 779 Qrcunem

10 819 90 875 utus
105 800 246 874 ratione
260 816 300 872 ut
312 826 368 874 me
379 800 530 873 delectet
541 800 676 874 divitiis
687 798 887 888 abundem,
895 799 1046 898 filium-

10 942 50 989 te
75 942 194 989 meum
218 917 335 988 nimia
357 920 484 1016 potior
511 916 668 1017 opprimi
695 912 883 1014 egestate?
907 915 1048 987 Procul

10 1032 78 1105 isit
93 1057 120 1104 α
134 1031 244 1105 corde
254 1056 334 1106 meo
351 1048 456 1105 tanto
472 1031 629 1118 duritia,
646 1055 713 1102 nec
727 1046 849 1103 vestro
861 1029 966 1103 debet
978 1033 1047 1105 lior

10 1150 74 1223 iiii
77 1149 210 1245 jubere
214 1152 409 1250 potentio!

27 1268 96 1340 llis
120 1266 250 1340 auditis
272 1266 369 1340 ierus
393 1268 560 1366 princeps
580 1263 773 1363 expalluit,
792 1279 828 1337 et
846 1265 884 1337 in
905 1280 1046 1339 tanturn

10 1410 32 1455 a
42 1388 121 1481 ejus
130 1382 311 1471 efferbuit,
322 1397 364 1457 ut
376 1380 567 1484 quemdam
577 1383 713 1483 reginas
727 1380 966 1470 veredarium,
979 1408 1046 1458 no-

10 1500 81 1573 iine
95 1500 324 1587 samsonem,
342 1524 472 1599 genere
488 1498 692 1582 britonem,
705 1499 865 1596 jussisset
882 1523 1049 1598 compre·

10 1615 112 1703 rudi,
133 1632 171 1688 et
190 1640 274 1689 mox
292 1615 405 1690 oculis
423 1615 569 1715 privari.
591 1613 725 1688 Verum
744 1614 817 1700 ille,
835 1641 900 1713 per
915 1618 1048 1692 amicos

10 1731 121 1829 *inse
147 1746 189 1803 ut
206 1733 468 1805 animositatem
488 1730 581 1829 regis
601 1728 767 1829 agnovit,
788 1728 870 1830 suga
893 1730 1046 1830 clapsus,

10 1845 143 1919 lictum
169 1846 276 1921 ferale
297 1846 484 1933 devitavit,
513 1871 553 1917 ac
577 1845 621 1918 ad
644 1842 857 1919 coenobium
882 1845 1050 1921 Uticense

10 1980 148 2035 ctutum
165 1963 342 2062 confugit.
366 1962 420 2037 lbi
439 1990 458 2034 a
478 1962 656 2035 Mainerio
677 1958 806 2035 abbate
827 1963 949 2063 regina
966 1990 1050 2063 pro-

10 2096 90 2154 snte
107 2095 289 2181 susceptus
301 2094 367 2168 est,
380 2095 417 2152 ct
431 2076 682 2151 monachicum
693 2076 832 2151 schema
848 2104 918 2177 pro
933 2080 1049 2152 salva-

10 2200 88 2270 ioue
107 2198 270 2295 corporis
286 2212 322 2269 et
340 2198 469 2269 animos
486 2193 678 2267 salubriter
693 2194 839 2266 indutus
858 2211 923 2269 est.
939 2196 1049 2270 Calli·

12 2338 53 2383 us
77 2328 114 2384 et
139 2310 312 2413 eloquens
333 2326 441 2413 atque
465 2326 579 2384 castus
601 2311 693 2395 fuit,
719 2326 756 2383 ct
777 2334 865 2383 xxvi
889 2314 993 2384 anuis
1012 2314 1049 2385 in

10 2430 117 2501 nlius
134 2426 328 2502 monachili
348 2429 448 2501 vixit.

37 2548 100 2619 llis
123 2544 347 2646 temporibus
367 2547 403 2619 in
422 2545 619 2618 Teutonica
639 2544 785 2643 regione
800 2544 948 2644 quidam
965 2574 1053 2619 aaa·

12 2664 135 2737 bercta
160 2664 215 2735 sir
240 2662 357 2737 bonus
379 2679 417 2736 et
437 2678 579 2734 sanctus
603 2675 700 2747 emt,
725 2661 787 2761 qui
807 2662 902 2733 iuter
924 2677 1050 2737 cutem

15 2784 167 2853 irtutum
197 2782 346 2881 iusignia
375 2781 543 2880 spiritum
574 2779 775 2877 prophetiae
805 2775 968 2851 babebat.
998 2781 1052 2853 Ad

10 2926 99 3003 [uem
118 2897 299 2972 blithildis
321 2901 441 2999 regina
468 2897 598 2997 legatos
624 2913 660 2969 et
684 2897 786 2969 xenia
809 2898 925 2982 misit,
951 2924 991 2969 ac
1013 2915 1053 2970 ut

10 3046 59 3093 ro
75 3020 226 3105 marito,
243 3017 388 3119 illioque
403 3041 468 3089 suo
482 3014 667 3089 liudberto
680 3016 793 3087 Deum
811 3028 948 3100 oraret,
969 3041 1054 3115 sup-

10 3138 136 3207 liciter
147 3136 304 3233 rogavit,
320 3162 360 3207 ac
377 3149 417 3206 ut
433 3134 641 3206 vaticinium
657 3130 755 3233 quod
768 3132 817 3205 eis
835 3131 870 3203 in
889 3132 1052 3204 futurum

11 3254 237 3351 outingerct,
268 3250 333 3322 sibi
365 3250 549 3323 mandarat
575 3249 715 3348 adjecit.
747 3249 795 3320 At
822 3247 880 3319 ille
909 3249 1055 3321 nuutios

10 3384 105 3439 antae
129 3366 288 3438 mulieris
305 3364 510 3467 benigniter
532 3367 707 3464 suscepit,
732 3362 960 3463 induciasque
981 3390 1056 3435 res-

10 3480 174 3557 ·outleudi
197 3508 308 3583 usque
332 3484 367 3556 in
383 3481 478 3555 (liam
503 3484 650 3555 tertium
670 3481 786 3581 petiit.
811 3480 1056 3555 illuscescente

14 3614 113 3669 utem
135 3598 237 3669 tertia
254 3594 333 3683 ilie,
353 3600 487 3671 uocatis
503 3600 637 3697 regium
654 3592 915 3695 responsalibus
934 3595 1026 3669 dixit
1044 3630 1052 3667 :

10 3715 60 3793 le,
75 3732 110 3783 et
123 3712 202 3784 bere
215 3712 374 3785 donrince
385 3733 516 3786 oestrce
527 3715 573 3785 de
579 3733 688 3816 purte
701 3739 780 3783 ineu
796 3714 972 3784 intimate.
990 3712 1056 3785 Se-

10 3830 155 3899 undum
163 3830 448 3931 piutulutionem
460 3849 558 3904 titoni
574 3834 690 3904 Deum
700 3832 814 3919 oraui,
828 3828 961 3919 ethere,
977 3832 1058 3933 ipio

10 3950 276 4035 lenriinstrunte,
297 3953 334 4021 in
352 3952 495 4021 eu'siunc
511 3950 639 4020 didici.
663 3949 754 4019 Vidi
772 3946 958 4046 qrunidnm
971 3976 1059 4049 pru-

13 4094 71 4135 nm
90 4066 207 4137 baritis
223 4068 420 4164 etjiorihus
431 4067 673 4169 preleiierriiue
684 4068 868 4143 uestitum.
884 4082 918 4135 et
930 4092 1058 4165 equum
