<?xml version="1.0" encoding="UTF-8"?>
<!DOCTYPE html PUBLIC "-//W3C//DTD XHTML 1.0 Transitional//EN"
    "http://www.w3.org/TR/xhtml1/DTD/xhtml1-transitional.dtd">
<html xmlns="http://www.w3.org/1999/xhtml" xml:lang="en" lang="en">
 <head>
  <title>
</title>
<meta http-equiv="Content-Type" content="text/html;charset=utf-8" />
  <meta name='ocr-system' content='tesseract 3.04.00' />
  <meta name='ocr-capabilities' content='ocr_page ocr_carea ocr_par ocr_line ocrx_word'/>
</head>
<body>
  <div class='ocr_page' id='page_1' title='image "./ordericivitalis06deligoog/ordericivitalis06deligoog_0198.png"; bbox 0 0 2768 5094; ppageno 0'>
   <div class='ocr_carea' id='block_1_1' title="bbox 140 414 1178 496">
    <p class='ocr_par' dir='ltr' id='par_1_1' title="bbox 140 414 1178 496">
     <span class='ocr_line' id='line_1_1' title="bbox 140 414 1178 496; baseline -0.006 -15"><span class='ocrx_word' id='word_1_1' title='bbox 140 420 214 496; x_wconf 73' lang='lat' dir='ltr'>oss]</span> <span class='ocrx_word' id='word_1_2' title='bbox 480 414 597 477; x_wconf 80' lang='lat' dir='ltr'>num</span> <span class='ocrx_word' id='word_1_3' title='bbox 618 415 813 492; x_wconf 72' lang='lat' dir='ltr'>Quintus.</span> <span class='ocrx_word' id='word_1_4' title='bbox 1121 420 1178 479; x_wconf 71' lang='lat' dir='ltr'>tet</span> 
     </span>
    </p>
   </div>
   <div class='ocr_carea' id='block_1_2' title="bbox 140 534 1179 989">
    <p class='ocr_par' dir='ltr' id='par_1_2' title="bbox 140 534 1179 989">
     <span class='ocr_line' id='line_1_2' title="bbox 144 534 1179 637; baseline -0.001 -28"><span class='ocrx_word' id='word_1_5' title='bbox 144 554 181 609; x_wconf 78' lang='lat' dir='ltr'>ts</span> <span class='ocrx_word' id='word_1_6' title='bbox 194 536 381 611; x_wconf 85' lang='lat' dir='ltr'>deditione</span> <span class='ocrx_word' id='word_1_7' title='bbox 395 537 469 607; x_wconf 80' lang='lat' dir='ltr'>vim</span> <span class='ocrx_word' id='word_1_8' title='bbox 485 534 777 623; x_wconf 79' lang='lat' dir='ltr'>declinaverunt,</span> <span class='ocrx_word' id='word_1_9' title='bbox 796 536 947 637; x_wconf 81' lang='lat' dir='ltr'>regique</span> <span class='ocrx_word' id='word_1_10' title='bbox 962 535 1076 608; x_wconf 80' lang='lat' dir='ltr'>claves</span> <span class='ocrx_word' id='word_1_11' title='bbox 1088 537 1179 609; x_wconf 84' lang='lat' dir='ltr'>civi·</span> 
     </span>
     <span class='ocr_line' id='line_1_3' title="bbox 140 650 1178 755; baseline 0 -26"><span class='ocrx_word' id='word_1_12' title='bbox 140 657 190 729; x_wconf 85' lang='lat' dir='ltr'>tis</span> <span class='ocrx_word' id='word_1_13' title='bbox 207 681 292 728; x_wconf 88' lang='lat' dir='ltr'>cum</span> <span class='ocrx_word' id='word_1_14' title='bbox 309 650 496 729; x_wconf 81' lang='lat' dir='ltr'>obsidibus</span> <span class='ocrx_word' id='word_1_15' title='bbox 511 652 703 729; x_wconf 81' lang='lat' dir='ltr'>dederunt.</span> <span class='ocrx_word' id='word_1_16' title='bbox 718 655 797 753; x_wconf 88' lang='lat' dir='ltr'>lpse</span> <span class='ocrx_word' id='word_1_17' title='bbox 808 669 950 747; x_wconf 81' lang='lat' dir='ltr'>tumen,</span> <span class='ocrx_word' id='word_1_18' title='bbox 969 654 1054 755; x_wconf 79' lang='lat' dir='ltr'>quia</span> <span class='ocrx_word' id='word_1_19' title='bbox 1070 651 1178 729; x_wconf 76' lang='lat' dir='ltr'>fidem</span> 
     </span>
     <span class='ocr_line' id='line_1_4' title="bbox 141 766 1177 870; baseline -0.003 -24"><span class='ocrx_word' id='word_1_20' title='bbox 141 796 254 847; x_wconf 83' lang='lat' dir='ltr'>orum</span> <span class='ocrx_word' id='word_1_21' title='bbox 274 785 473 870; x_wconf 71' lang='lat' dir='ltr'>suspectam</span> <span class='ocrx_word' id='word_1_22' title='bbox 492 767 641 857; x_wconf 83' lang='lat' dir='ltr'>hahuit,</span> <span class='ocrx_word' id='word_1_23' title='bbox 666 770 704 842; x_wconf 90' lang='lat' dir='ltr'>iu</span> <span class='ocrx_word' id='word_1_24' title='bbox 725 766 817 843; x_wconf 84' lang='lat' dir='ltr'>urbe</span> <span class='ocrx_word' id='word_1_25' title='bbox 841 770 913 869; x_wconf 84' lang='lat' dir='ltr'>ipso</span> <span class='ocrx_word' id='word_1_26' title='bbox 933 769 1177 843; x_wconf 86' lang='lat' dir='ltr'>munitionem</span> 
     </span>
     <span class='ocr_line' id='line_1_5' title="bbox 140 883 1177 989; baseline -0.006 -26"><span class='ocrx_word' id='word_1_27' title='bbox 140 889 284 976; x_wconf 74' lang='lat' dir='ltr'>mavit,</span> <span class='ocrx_word' id='word_1_28' title='bbox 302 912 414 989; x_wconf 77' lang='lat' dir='ltr'>quum</span> <span class='ocrx_word' id='word_1_29' title='bbox 428 885 574 962; x_wconf 86' lang='lat' dir='ltr'>delectis</span> <span class='ocrx_word' id='word_1_30' title='bbox 587 883 765 959; x_wconf 85' lang='lat' dir='ltr'>militibus</span> <span class='ocrx_word' id='word_1_31' title='bbox 779 884 1049 960; x_wconf 84' lang='lat' dir='ltr'>custodiendum</span> <span class='ocrx_word' id='word_1_32' title='bbox 1066 883 1177 958; x_wconf 77' lang='lat' dir='ltr'>trudi-</span> 
     </span>
    </p>
   </div>
   <div class='ocr_carea' id='block_1_3' title="bbox 139 1000 1177 3915">
    <p class='ocr_par' dir='ltr' id='par_1_3' title="bbox 139 1000 1177 3065">
     <span class='ocr_line' id='line_1_6' title="bbox 140 1000 1177 1104; baseline -0.002 -25"><span class='ocrx_word' id='word_1_33' title='bbox 140 1023 169 1079; x_wconf 88' lang='lat' dir='ltr'>t.</span> <span class='ocrx_word' id='word_1_34' title='bbox 187 1006 294 1079; x_wconf 80' lang='lat' dir='ltr'>Tunc</span> <span class='ocrx_word' id='word_1_35' title='bbox 307 1001 489 1077; x_wconf 73' lang='lat' dir='ltr'>Archillus</span> <span class='ocrx_word' id='word_1_36' title='bbox 502 1004 772 1104; x_wconf 83' lang='lat' dir='ltr'>potentissimus</span> <span class='ocrx_word' id='word_1_37' title='bbox 783 1000 1177 1104; x_wconf 70' lang='lat' dir='ltr'>Nondunhymhrornm</span> 
     </span>
     <span class='ocr_line' id='line_1_7' title="bbox 140 1118 1176 1223; baseline -0.001 -29"><span class='ocrx_word' id='word_1_38' title='bbox 140 1148 187 1195; x_wconf 89' lang='grc' dir='ltr'><strong>ιιιι</strong></span> <span class='ocrx_word' id='word_1_39' title='bbox 197 1148 281 1223; x_wconf 77' lang='lat' dir='ltr'>rege</span> <span class='ocrx_word' id='word_1_40' title='bbox 294 1120 527 1196; x_wconf 80' lang='lat' dir='ltr'>oonoosdism</span> <span class='ocrx_word' id='word_1_41' title='bbox 539 1120 639 1209; x_wconf 86' lang='lat' dir='ltr'>fecit,</span> <span class='ocrx_word' id='word_1_42' title='bbox 651 1121 756 1221; x_wconf 84' lang='lat' dir='ltr'>eique</span> <span class='ocrx_word' id='word_1_43' title='bbox 768 1118 886 1194; x_wconf 90' lang='lat' dir='ltr'>filium</span> <span class='ocrx_word' id='word_1_44' title='bbox 896 1146 1001 1193; x_wconf 90' lang='lat' dir='ltr'>suum</span> <span class='ocrx_word' id='word_1_45' title='bbox 1012 1119 1176 1195; x_wconf 89' lang='lat' dir='ltr'>obsidem</span> 
     </span>
     <span class='ocr_line' id='line_1_8' title="bbox 140 1236 1176 1339; baseline 0 -28"><span class='ocrx_word' id='word_1_46' title='bbox 140 1237 264 1311; x_wconf 80' lang='lat' dir='ltr'>udidit.</span> <span class='ocrx_word' id='word_1_47' title='bbox 280 1236 415 1311; x_wconf 78' lang='lat' dir='ltr'>Praesul</span> <span class='ocrx_word' id='word_1_48' title='bbox 432 1262 579 1339; x_wconf 89' lang='lat' dir='ltr'>qnoque</span> <span class='ocrx_word' id='word_1_49' title='bbox 594 1236 763 1311; x_wconf 84' lang='lat' dir='ltr'>Dunelmi</span> <span class='ocrx_word' id='word_1_50' title='bbox 781 1239 837 1335; x_wconf 89' lang='lat'>(1)</span> <span class='ocrx_word' id='word_1_51' title='bbox 856 1238 949 1339; x_wconf 80' lang='lat' dir='ltr'>regis</span> <span class='ocrx_word' id='word_1_52' title='bbox 969 1238 1007 1310; x_wconf 91' lang='lat' dir='ltr'>in</span> <span class='ocrx_word' id='word_1_53' title='bbox 1024 1239 1176 1338; x_wconf 77' lang='lat' dir='ltr'>gratiam</span> 
     </span>
     <span class='ocr_line' id='line_1_9' title="bbox 140 1352 1174 1454; baseline -0.002 -25"><span class='ocrx_word' id='word_1_54' title='bbox 140 1355 269 1444; x_wconf 78' lang='lat' dir='ltr'>nestit,</span> <span class='ocrx_word' id='word_1_55' title='bbox 288 1369 325 1427; x_wconf 90' lang='lat' dir='ltr'>et</span> <span class='ocrx_word' id='word_1_56' title='bbox 337 1378 407 1453; x_wconf 79' lang='lat' dir='ltr'>puo</span> <span class='ocrx_word' id='word_1_57' title='bbox 420 1352 602 1429; x_wconf 78' lang='lat' dir='ltr'>lllsloomo</span> <span class='ocrx_word' id='word_1_58' title='bbox 618 1380 702 1454; x_wconf 73' lang='lat' dir='ltr'>tege</span> <span class='ocrx_word' id='word_1_59' title='bbox 717 1355 914 1429; x_wconf 72' lang='lat' dir='ltr'>Scotorum</span> <span class='ocrx_word' id='word_1_60' title='bbox 930 1356 1027 1454; x_wconf 78' lang='lat' dir='ltr'>pacis</span> <span class='ocrx_word' id='word_1_61' title='bbox 1041 1354 1174 1429; x_wconf 83' lang='lat' dir='ltr'>medis·</span> 
     </span>
     <span class='ocr_line' id='line_1_10' title="bbox 142 1470 1174 1571; baseline 0.002 -28"><span class='ocrx_word' id='word_1_62' title='bbox 142 1498 161 1543; x_wconf 86' lang='grc' dir='ltr'><strong>ι</strong></span> <span class='ocrx_word' id='word_1_63' title='bbox 175 1471 394 1559; x_wconf 76' lang='lat' dir='ltr'>intervenit,</span> <span class='ocrx_word' id='word_1_64' title='bbox 410 1486 448 1545; x_wconf 91' lang='lat' dir='ltr'>et</span> <span class='ocrx_word' id='word_1_65' title='bbox 460 1486 621 1571; x_wconf 77' lang='lat' dir='ltr'>ncoeptss</span> <span class='ocrx_word' id='word_1_66' title='bbox 636 1470 864 1546; x_wconf 86' lang='lat' dir='ltr'>oonditiones</span> <span class='ocrx_word' id='word_1_67' title='bbox 881 1473 919 1545; x_wconf 91' lang='lat' dir='ltr'>in</span> <span class='ocrx_word' id='word_1_68' title='bbox 936 1473 1095 1546; x_wconf 80' lang='lat' dir='ltr'>Sootinm</span> <span class='ocrx_word' id='word_1_69' title='bbox 1111 1471 1174 1545; x_wconf 85' lang='lat' dir='ltr'>de-</span> 
     </span>
     <span class='ocr_line' id='line_1_11' title="bbox 140 1585 1176 1689; baseline 0.002 -31"><span class='ocrx_word' id='word_1_70' title='bbox 140 1586 201 1658; x_wconf 88' lang='lat' dir='ltr'>lit.</span> <span class='ocrx_word' id='word_1_71' title='bbox 218 1585 416 1660; x_wconf 78' lang='lat' dir='ltr'>Mulcomus</span> <span class='ocrx_word' id='word_1_72' title='bbox 427 1603 568 1674; x_wconf 79' lang='lat' dir='ltr'>nutem,</span> <span class='ocrx_word' id='word_1_73' title='bbox 589 1585 672 1662; x_wconf 87' lang='lat' dir='ltr'>licet</span> <span class='ocrx_word' id='word_1_74' title='bbox 684 1585 731 1659; x_wconf 79' lang='lat' dir='ltr'>ab</span> <span class='ocrx_word' id='word_1_75' title='bbox 748 1585 873 1687; x_wconf 80' lang='lat' dir='ltr'>Anglis</span> <span class='ocrx_word' id='word_1_76' title='bbox 885 1588 1079 1689; x_wconf 73' lang='lat' dir='ltr'>requisitus</span> <span class='ocrx_word' id='word_1_77' title='bbox 1094 1585 1176 1660; x_wconf 82' lang='lat' dir='ltr'>lue·</span> 
     </span>
     <span class='ocr_line' id='line_1_12' title="bbox 140 1700 1174 1801; baseline 0.003 -28"><span class='ocrx_word' id='word_1_78' title='bbox 140 1721 169 1785; x_wconf 80' lang='lat' dir='ltr'>t,</span> <span class='ocrx_word' id='word_1_79' title='bbox 182 1717 219 1775; x_wconf 86' lang='lat' dir='ltr'>et</span> <span class='ocrx_word' id='word_1_80' title='bbox 231 1700 384 1774; x_wconf 78' lang='lat' dir='ltr'>validum</span> <span class='ocrx_word' id='word_1_81' title='bbox 397 1700 661 1801; x_wconf 79' lang='lat' dir='ltr'>expeditionem</span> <span class='ocrx_word' id='word_1_82' title='bbox 676 1703 715 1775; x_wconf 91' lang='lat' dir='ltr'>in</span> <span class='ocrx_word' id='word_1_83' title='bbox 728 1726 856 1777; x_wconf 82' lang='lat' dir='ltr'>eorum</span> <span class='ocrx_word' id='word_1_84' title='bbox 869 1701 1044 1776; x_wconf 80' lang='lat' dir='ltr'>auxilium</span> <span class='ocrx_word' id='word_1_85' title='bbox 1055 1701 1174 1776; x_wconf 71' lang='lat' dir='ltr'>faeere</span> 
     </span>
     <span class='ocr_line' id='line_1_13' title="bbox 143 1819 1175 1920; baseline -0.004 -29"><span class='ocrx_word' id='word_1_86' title='bbox 143 1821 297 1905; x_wconf 69' lang='lat' dir='ltr'>iuverit,</span> <span class='ocrx_word' id='word_1_87' title='bbox 327 1819 448 1893; x_wconf 80' lang='lat' dir='ltr'>ondita</span> <span class='ocrx_word' id='word_1_88' title='bbox 475 1835 595 1893; x_wconf 80' lang='lat' dir='ltr'>tamen</span> <span class='ocrx_word' id='word_1_89' title='bbox 624 1819 802 1919; x_wconf 75' lang='lat' dir='ltr'>legatione</span> <span class='ocrx_word' id='word_1_90' title='bbox 830 1819 925 1918; x_wconf 80' lang='lat' dir='ltr'>pacis</span> <span class='ocrx_word' id='word_1_91' title='bbox 948 1819 1111 1920; x_wconf 82' lang='lat' dir='ltr'>quievit,</span> <span class='ocrx_word' id='word_1_92' title='bbox 1137 1832 1175 1892; x_wconf 96' lang='lat' dir='ltr'>et</span> 
     </span>
     <span class='ocr_line' id='line_1_14' title="bbox 142 1933 1170 2033; baseline -0.003 -26"><span class='ocrx_word' id='word_1_93' title='bbox 142 1960 181 2007; x_wconf 93' lang='lat' dir='ltr'>m</span> <span class='ocrx_word' id='word_1_94' title='bbox 203 1934 357 2033; x_wconf 74' lang='lat' dir='ltr'>presule</span> <span class='ocrx_word' id='word_1_95' title='bbox 372 1933 539 2008; x_wconf 86' lang='lat' dir='ltr'>Dunelmi</span> <span class='ocrx_word' id='word_1_96' title='bbox 560 1935 713 2007; x_wconf 77' lang='lat' dir='ltr'>nuncios</span> <span class='ocrx_word' id='word_1_97' title='bbox 735 1959 819 2007; x_wconf 87' lang='lat' dir='ltr'>suos</span> <span class='ocrx_word' id='word_1_98' title='bbox 833 1950 988 2011; x_wconf 83' lang='lat' dir='ltr'>ovanter</span> <span class='ocrx_word' id='word_1_99' title='bbox 1008 1933 1170 2017; x_wconf 84' lang='lat' dir='ltr'>remisit,</span> 
     </span>
     <span class='ocr_line' id='line_1_15' title="bbox 140 2048 1171 2152; baseline -0.004 -27"><span class='ocrx_word' id='word_1_100' title='bbox 140 2080 163 2125; x_wconf 84' lang='grc' dir='ltr'><strong>ι</strong></span> <span class='ocrx_word' id='word_1_101' title='bbox 178 2078 271 2152; x_wconf 76' lang='lat' dir='ltr'>quos</span> <span class='ocrx_word' id='word_1_102' title='bbox 288 2050 483 2125; x_wconf 87' lang='lat' dir='ltr'>Gnillelmo</span> <span class='ocrx_word' id='word_1_103' title='bbox 499 2052 575 2151; x_wconf 79' lang='lat' dir='ltr'>tegi</span> <span class='ocrx_word' id='word_1_104' title='bbox 593 2048 698 2125; x_wconf 85' lang='lat' dir='ltr'>fidele</span> <span class='ocrx_word' id='word_1_105' title='bbox 713 2048 929 2151; x_wconf 78' lang='lat' dir='ltr'>obsequium</span> <span class='ocrx_word' id='word_1_106' title='bbox 941 2050 1092 2149; x_wconf 79' lang='lat' dir='ltr'>juravit.</span> <span class='ocrx_word' id='word_1_107' title='bbox 1111 2049 1171 2121; x_wconf 87' lang='lat' dir='ltr'>Sic</span> 
     </span>
     <span class='ocr_line' id='line_1_16' title="bbox 139 2164 1169 2269; baseline -0.004 -29"><span class='ocrx_word' id='word_1_108' title='bbox 139 2168 237 2241; x_wconf 83' lang='lat' dir='ltr'>iliter</span> <span class='ocrx_word' id='word_1_109' title='bbox 249 2164 315 2239; x_wconf 80' lang='lat' dir='ltr'>sibi</span> <span class='ocrx_word' id='word_1_110' title='bbox 330 2167 532 2255; x_wconf 84' lang='lat' dir='ltr'>oonsuluit,</span> <span class='ocrx_word' id='word_1_111' title='bbox 548 2167 757 2269; x_wconf 78' lang='lat' dir='ltr'>populoque</span> <span class='ocrx_word' id='word_1_112' title='bbox 769 2191 836 2240; x_wconf 85' lang='lat' dir='ltr'>sno</span> <span class='ocrx_word' id='word_1_113' title='bbox 847 2164 1005 2239; x_wconf 89' lang='lat' dir='ltr'>multum</span> <span class='ocrx_word' id='word_1_114' title='bbox 1020 2165 1169 2265; x_wconf 75' lang='lat' dir='ltr'>placuit,</span> 
     </span>
     <span class='ocr_line' id='line_1_17' title="bbox 140 2282 1172 2386; baseline -0.005 -28"><span class='ocrx_word' id='word_1_115' title='bbox 140 2282 195 2359; x_wconf 74' lang='lat' dir='ltr'>iod</span> <span class='ocrx_word' id='word_1_116' title='bbox 213 2312 337 2383; x_wconf 77' lang='lat' dir='ltr'>paoem</span> <span class='ocrx_word' id='word_1_117' title='bbox 352 2283 450 2360; x_wconf 87' lang='lat' dir='ltr'>bello</span> <span class='ocrx_word' id='word_1_118' title='bbox 467 2286 678 2386; x_wconf 66' lang='lat' dir='ltr'>preposuit.</span> <span class='ocrx_word' id='word_1_119' title='bbox 694 2284 787 2358; x_wconf 78' lang='lat' dir='ltr'>Num</span> <span class='ocrx_word' id='word_1_120' title='bbox 802 2286 944 2360; x_wconf 84' lang='lat' dir='ltr'>Sootiou</span> <span class='ocrx_word' id='word_1_121' title='bbox 959 2310 1067 2385; x_wconf 71' lang='lat' dir='ltr'>gens,</span> <span class='ocrx_word' id='word_1_122' title='bbox 1086 2282 1172 2356; x_wconf 86' lang='lat' dir='ltr'>licet</span> 
     </span>
     <span class='ocr_line' id='line_1_18' title="bbox 150 2400 1167 2505; baseline -0.002 -30"><span class='ocrx_word' id='word_1_123' title='bbox 150 2402 280 2502; x_wconf 80' lang='lat' dir='ltr'>praelio</span> <span class='ocrx_word' id='word_1_124' title='bbox 296 2429 419 2502; x_wconf 74' lang='lat' dir='ltr'>aspera</span> <span class='ocrx_word' id='word_1_125' title='bbox 435 2404 502 2491; x_wconf 88' lang='lat' dir='ltr'>sit,</span> <span class='ocrx_word' id='word_1_126' title='bbox 521 2403 639 2478; x_wconf 87' lang='lat' dir='ltr'>otium</span> <span class='ocrx_word' id='word_1_127' title='bbox 656 2420 775 2477; x_wconf 82' lang='lat' dir='ltr'>umen</span> <span class='ocrx_word' id='word_1_128' title='bbox 793 2420 830 2478; x_wconf 98' lang='lat' dir='ltr'>et</span> <span class='ocrx_word' id='word_1_129' title='bbox 846 2404 1007 2505; x_wconf 86' lang='lat' dir='ltr'>quietem</span> <span class='ocrx_word' id='word_1_130' title='bbox 1023 2400 1167 2502; x_wconf 75' lang='lat' dir='ltr'>diligit;</span> 
     </span>
     <span class='ocr_line' id='line_1_19' title="bbox 140 2518 1170 2621; baseline 0.004 -34"><span class='ocrx_word' id='word_1_131' title='bbox 140 2518 211 2592; x_wconf 70' lang='lat' dir='ltr'>illet</span> <span class='ocrx_word' id='word_1_132' title='bbox 224 2546 243 2589; x_wconf 84' lang='lat' dir='ltr'>a</span> <span class='ocrx_word' id='word_1_133' title='bbox 257 2520 384 2592; x_wconf 78' lang='lat' dir='ltr'>vicinis</span> <span class='ocrx_word' id='word_1_134' title='bbox 402 2520 593 2620; x_wconf 82' lang='lat' dir='ltr'>inquietsri</span> <span class='ocrx_word' id='word_1_135' title='bbox 608 2521 746 2621; x_wconf 72' lang='lat' dir='ltr'>segnis,</span> <span class='ocrx_word' id='word_1_136' title='bbox 761 2518 968 2595; x_wconf 74' lang='lat' dir='ltr'>christianus</span> <span class='ocrx_word' id='word_1_137' title='bbox 984 2519 1170 2619; x_wconf 75' lang='lat' dir='ltr'>religionis</span> 
     </span>
     <span class='ocr_line' id='line_1_20' title="bbox 140 2636 1167 2738; baseline 0.001 -29"><span class='ocrx_word' id='word_1_138' title='bbox 140 2662 176 2709; x_wconf 89' lang='lat' dir='ltr'>ns</span> <span class='ocrx_word' id='word_1_139' title='bbox 193 2662 304 2736; x_wconf 79' lang='lat' dir='ltr'>quum</span> <span class='ocrx_word' id='word_1_140' title='bbox 320 2663 507 2712; x_wconf 73' lang='lat' dir='ltr'>armornm</span> <span class='ocrx_word' id='word_1_141' title='bbox 525 2636 662 2714; x_wconf 78' lang='lat' dir='ltr'>intentu</span> <span class='ocrx_word' id='word_1_142' title='bbox 682 2638 823 2712; x_wconf 86' lang='lat' dir='ltr'>studiis.</span> <span class='ocrx_word' id='word_1_143' title='bbox 848 2641 923 2713; x_wconf 84' lang='lat' dir='ltr'>Rex</span> <span class='ocrx_word' id='word_1_144' title='bbox 940 2656 1021 2738; x_wconf 85' lang='lat' dir='ltr'>post</span> <span class='ocrx_word' id='word_1_145' title='bbox 1038 2638 1115 2711; x_wconf 81' lang='lat' dir='ltr'>haec</span> <span class='ocrx_word' id='word_1_146' title='bbox 1130 2638 1167 2710; x_wconf 92' lang='lat' dir='ltr'>in</span> 
     </span>
     <span class='ocr_line' id='line_1_21' title="bbox 140 2754 1169 2842; baseline 0.003 -19"><span class='ocrx_word' id='word_1_147' title='bbox 140 2755 302 2827; x_wconf 77' lang='lat' dir='ltr'>versione</span> <span class='ocrx_word' id='word_1_148' title='bbox 331 2780 391 2826; x_wconf 79' lang='lat' dir='ltr'>sun</span> <span class='ocrx_word' id='word_1_149' title='bbox 422 2754 619 2842; x_wconf 65' lang='lat' dir='ltr'>lsiucoliae,</span> <span class='ocrx_word' id='word_1_150' title='bbox 653 2755 909 2830; x_wconf 82' lang='lat' dir='ltr'>lluutendonae</span> <span class='ocrx_word' id='word_1_151' title='bbox 938 2771 976 2829; x_wconf 90' lang='lat' dir='ltr'>et</span> <span class='ocrx_word' id='word_1_152' title='bbox 1006 2757 1169 2830; x_wconf 75' lang='lat' dir='ltr'>Gnouto-</span> 
     </span>
     <span class='ocr_line' id='line_1_22' title="bbox 140 2871 1168 2971; baseline 0 -26"><span class='ocrx_word' id='word_1_153' title='bbox 140 2898 221 2971; x_wconf 74' lang='lat' dir='ltr'>ugn·</span> <span class='ocrx_word' id='word_1_154' title='bbox 245 2874 301 2969; x_wconf 80' lang='lat'>(2)</span> <span class='ocrx_word' id='word_1_155' title='bbox 325 2886 437 2945; x_wconf 72' lang='lat' dir='ltr'>instra</span> <span class='ocrx_word' id='word_1_156' title='bbox 462 2871 613 2960; x_wconf 80' lang='lat' dir='ltr'>lomvit,</span> <span class='ocrx_word' id='word_1_157' title='bbox 637 2889 674 2947; x_wconf 98' lang='lat' dir='ltr'>et</span> <span class='ocrx_word' id='word_1_158' title='bbox 696 2873 846 2951; x_wconf 73' lang='lat' dir='ltr'>tutelam</span> <span class='ocrx_word' id='word_1_159' title='bbox 867 2900 995 2949; x_wconf 82' lang='lat' dir='ltr'>sorum</span> <span class='ocrx_word' id='word_1_160' title='bbox 1018 2873 1168 2947; x_wconf 77' lang='lat' dir='ltr'>fortissi-</span> 
     </span>
     <span class='ocr_line' id='line_1_23' title="bbox 140 2990 561 3065; baseline 0.024 -11"><span class='ocrx_word' id='word_1_161' title='bbox 140 3016 161 3061; x_wconf 78' lang='grc' dir='ltr'>,ι</span> <span class='ocrx_word' id='word_1_162' title='bbox 179 2991 266 3062; x_wconf 79' lang='lat' dir='ltr'>viris</span> <span class='ocrx_word' id='word_1_163' title='bbox 281 2990 561 3065; x_wconf 72' lang='lat' dir='ltr'>commendavit.</span> 
     </span>
    </p>

    <p class='ocr_par' dir='ltr' id='par_1_4' title="bbox 140 3106 1168 3915">
     <span class='ocr_line' id='line_1_24' title="bbox 142 3106 1166 3210; baseline 0.004 -33"><span class='ocrx_word' id='word_1_164' title='bbox 142 3107 205 3177; x_wconf 83' lang='lat' dir='ltr'>llis</span> <span class='ocrx_word' id='word_1_165' title='bbox 225 3106 448 3207; x_wconf 72' lang='lat' dir='ltr'>temporibus</span> <span class='ocrx_word' id='word_1_166' title='bbox 460 3107 626 3210; x_wconf 81' lang='lat' dir='ltr'>quaedsm</span> <span class='ocrx_word' id='word_1_167' title='bbox 644 3108 881 3184; x_wconf 75' lang='lat' dir='ltr'>Normnnniae</span> <span class='ocrx_word' id='word_1_168' title='bbox 892 3111 1061 3185; x_wconf 81' lang='lat' dir='ltr'>mulieres</span> <span class='ocrx_word' id='word_1_169' title='bbox 1075 3136 1166 3182; x_wconf 79' lang='lat' dir='ltr'>soeva</span> 
     </span>
     <span class='ocr_line' id='line_1_25' title="bbox 140 3221 1168 3327; baseline 0.01 -40"><span class='ocrx_word' id='word_1_170' title='bbox 140 3221 254 3295; x_wconf 69' lang='lat' dir='ltr'>‚fidinis</span> <span class='ocrx_word' id='word_1_171' title='bbox 268 3223 345 3297; x_wconf 82' lang='lat' dir='ltr'>fsce</span> <span class='ocrx_word' id='word_1_172' title='bbox 357 3224 572 3314; x_wconf 72' lang='lat' dir='ltr'>tuebuntur,</span> <span class='ocrx_word' id='word_1_173' title='bbox 587 3225 795 3327; x_wconf 78' lang='lat' dir='ltr'>crebrisque</span> <span class='ocrx_word' id='word_1_174' title='bbox 809 3229 948 3301; x_wconf 85' lang='lat' dir='ltr'>nuntiis</span> <span class='ocrx_word' id='word_1_175' title='bbox 959 3254 979 3300; x_wconf 84' lang='lat' dir='ltr'>u</span> <span class='ocrx_word' id='word_1_176' title='bbox 992 3228 1079 3300; x_wconf 77' lang='lat' dir='ltr'>viris</span> <span class='ocrx_word' id='word_1_177' title='bbox 1094 3228 1168 3299; x_wconf 81' lang='lat' dir='ltr'>suis</span> 
     </span>
     <span class='ocr_line' id='line_1_26' title="bbox 140 3339 1164 3446; baseline 0.002 -34"><span class='ocrx_word' id='word_1_178' title='bbox 140 3339 304 3437; x_wconf 72' lang='lat' dir='ltr'>gitsbant</span> <span class='ocrx_word' id='word_1_179' title='bbox 322 3357 363 3413; x_wconf 91' lang='lat' dir='ltr'>ut</span> <span class='ocrx_word' id='word_1_180' title='bbox 380 3343 456 3416; x_wconf 87' lang='lat' dir='ltr'>cito</span> <span class='ocrx_word' id='word_1_181' title='bbox 479 3359 763 3432; x_wconf 75' lang='lat' dir='ltr'>reverterentur,</span> <span class='ocrx_word' id='word_1_182' title='bbox 780 3342 950 3419; x_wconf 73' lang='lat' dir='ltr'>addentes</span> <span class='ocrx_word' id='word_1_183' title='bbox 971 3345 1070 3446; x_wconf 88' lang='lat' dir='ltr'>quod</span> <span class='ocrx_word' id='word_1_184' title='bbox 1097 3346 1164 3417; x_wconf 89' lang='lat' dir='ltr'>nisi</span> 
     </span>
     <span class='ocr_line' id='line_1_27' title="bbox 140 3459 1166 3563; baseline 0.002 -30"><span class='ocrx_word' id='word_1_185' title='bbox 140 3461 248 3533; x_wconf 87' lang='lat' dir='ltr'>litum</span> <span class='ocrx_word' id='word_1_186' title='bbox 267 3475 513 3550; x_wconf 76' lang='lat' dir='ltr'>maturatum,</span> <span class='ocrx_word' id='word_1_187' title='bbox 538 3463 623 3562; x_wconf 83' lang='lat' dir='ltr'>ipsae</span> <span class='ocrx_word' id='word_1_188' title='bbox 644 3459 712 3534; x_wconf 87' lang='lat' dir='ltr'>sibi</span> <span class='ocrx_word' id='word_1_189' title='bbox 734 3462 822 3537; x_wconf 72' lang='lat' dir='ltr'>ulios</span> <span class='ocrx_word' id='word_1_190' title='bbox 845 3467 1015 3563; x_wconf 79' lang='lat' dir='ltr'>oonjuges</span> <span class='ocrx_word' id='word_1_191' title='bbox 1032 3487 1166 3563; x_wconf 84' lang='lat' dir='ltr'>pmcn·</span> 
     </span>
     <span class='ocr_line' id='line_1_28' title="bbox 140 3576 1164 3681; baseline 0.007 -33"><span class='ocrx_word' id='word_1_192' title='bbox 140 3592 228 3649; x_wconf 69' lang='lat' dir='ltr'>ent.</span> <span class='ocrx_word' id='word_1_193' title='bbox 250 3576 332 3650; x_wconf 84' lang='lat' dir='ltr'>Nou</span> <span class='ocrx_word' id='word_1_194' title='bbox 350 3580 449 3651; x_wconf 83' lang='lat' dir='ltr'>enim</span> <span class='ocrx_word' id='word_1_195' title='bbox 464 3577 508 3651; x_wconf 78' lang='lat' dir='ltr'>ud</span> <span class='ocrx_word' id='word_1_196' title='bbox 525 3580 675 3653; x_wconf 78' lang='lat' dir='ltr'>mss-itus</span> <span class='ocrx_word' id='word_1_197' title='bbox 691 3604 774 3654; x_wconf 84' lang='lat' dir='ltr'>suos</span> <span class='ocrx_word' id='word_1_198' title='bbox 792 3597 942 3681; x_wconf 72' lang='lat' dir='ltr'>prtvpter</span> <span class='ocrx_word' id='word_1_199' title='bbox 958 3582 1164 3655; x_wconf 80' lang='lat' dir='ltr'>inusitstsm</span> 
     </span>
     <span class='ocr_line' id='line_1_29' title="bbox 140 3690 1163 3795; baseline 0.009 -33"><span class='ocrx_word' id='word_1_200' title='bbox 140 3696 157 3764; x_wconf 68' lang='lat' dir='ltr'>ii</span> <span class='ocrx_word' id='word_1_201' title='bbox 175 3690 291 3766; x_wconf 77' lang='lat' dir='ltr'>silltuc</span> <span class='ocrx_word' id='word_1_202' title='bbox 305 3695 569 3795; x_wconf 67' lang='lat' dir='ltr'>instigationem</span> <span class='ocrx_word' id='word_1_203' title='bbox 583 3698 816 3773; x_wconf 62' lang='lat' dir='ltr'>transfusam</span> <span class='ocrx_word' id='word_1_204' title='bbox 828 3696 1025 3787; x_wconf 71' lang='lat' dir='ltr'>audebunt,</span> <span class='ocrx_word' id='word_1_205' title='bbox 1041 3724 1108 3773; x_wconf 87' lang='lat' dir='ltr'>nec</span> <span class='ocrx_word' id='word_1_206' title='bbox 1125 3699 1163 3771; x_wconf 89' lang='lat' dir='ltr'>in</span> 
     </span>
     <span class='ocr_line' id='line_1_30' title="bbox 140 3810 1163 3915; baseline 0.007 -35"><span class='ocrx_word' id='word_1_207' title='bbox 140 3811 217 3909; x_wconf 75' lang='lat' dir='ltr'>iglia</span> <span class='ocrx_word' id='word_1_208' title='bbox 234 3840 295 3883; x_wconf 74' lang='lat' dir='ltr'>tos</span> <span class='ocrx_word' id='word_1_209' title='bbox 320 3827 504 3911; x_wconf 84' lang='lat' dir='ltr'>expetore,</span> <span class='ocrx_word' id='word_1_210' title='bbox 535 3810 595 3886; x_wconf 83' lang='lat' dir='ltr'>uhi</span> <span class='ocrx_word' id='word_1_211' title='bbox 619 3815 754 3915; x_wconf 76' lang='lat' dir='ltr'>jugiter</span> <span class='ocrx_word' id='word_1_212' title='bbox 783 3817 819 3889; x_wconf 87' lang='lat' dir='ltr'>in</span> <span class='ocrx_word' id='word_1_213' title='bbox 838 3816 947 3889; x_wconf 74' lang='lat' dir='ltr'>armis</span> <span class='ocrx_word' id='word_1_214' title='bbox 973 3832 1100 3901; x_wconf 82' lang='lat' dir='ltr'>ennt,</span> <span class='ocrx_word' id='word_1_215' title='bbox 1126 3831 1163 3889; x_wconf 85' lang='lat' dir='ltr'>et</span> 
     </span>
    </p>
   </div>
   <div class='ocr_carea' id='block_1_4' title="bbox 140 4096 723 4257">
    <p class='ocr_par' dir='ltr' id='par_1_5' title="bbox 140 4096 723 4257">
     <span class='ocr_line' id='line_1_31' title="bbox 140 4096 636 4168; baseline 0.022 -28"><span class='ocrx_word' id='word_1_216' title='bbox 140 4116 146 4143; x_wconf 77' lang='lat' dir='ltr'>i</span> <span class='ocrx_word' id='word_1_217' title='bbox 184 4096 322 4159; x_wconf 62' lang='lat' dir='ltr'>lgultssu,</span> <span class='ocrx_word' id='word_1_218' title='bbox 337 4100 440 4168; x_wconf 59' lang='lat' dir='ltr'>entique·</span> <span class='ocrx_word' id='word_1_219' title='bbox 454 4096 489 4150; x_wconf 79' lang='lat' dir='ltr'>tlt·</span> <span class='ocrx_word' id='word_1_220' title='bbox 501 4098 636 4153; x_wconf 77' lang='lat' dir='ltr'>llorlsum.</span> 
     </span>
     <span class='ocr_line' id='line_1_32' title="bbox 140 4185 723 4257; baseline 0.019 -23"><span class='ocrx_word' id='word_1_221' title='bbox 140 4204 162 4234; x_wconf 77' lang='lat' dir='ltr'>s·</span> <span class='ocrx_word' id='word_1_222' title='bbox 183 4185 310 4243; x_wconf 76' lang='lat' dir='ltr'>lunulis.</span> <span class='ocrx_word' id='word_1_223' title='bbox 328 4186 528 4257; x_wconf 67' lang='lat' dir='ltr'>lluutsngtlnu,</span> <span class='ocrx_word' id='word_1_224' title='bbox 543 4190 723 4257; x_wconf 63' lang='lat' dir='ltr'>lhntlstttlflsu</span> 
     </span>
    </p>
   </div>
   <div class='ocr_carea' id='block_1_5' title="bbox 0 0 1388 5094">
    <p class='ocr_par' dir='ltr' id='par_1_6' title="bbox 0 0 1388 5094">
     <span class='ocr_line' id='line_1_33' title="bbox 0 0 1388 5094; baseline 0 0"><span class='ocrx_word' id='word_1_225' title='bbox 0 0 1388 5094; x_wconf 95' lang='lat' dir='ltr'> </span> 
     </span>
    </p>
   </div>
  </div>
 </body>
</html>
