2768 5094
135 376 195 435 392
409 367 591 428 HISTORIA
614 365 915 428 ECCLRSIASTICA.

133 490 201 564 Sed
218 513 299 590 quae
319 489 431 586 priori
456 513 587 586 sponso
604 485 648 559 ad
664 504 789 560 votum
806 486 921 586 gavisa
939 508 1020 559 non
1043 501 1117 573 est,
1138 515 1181 560 se·
1231 506 1235 515 '

133 603 251 679 cundo
268 605 394 678 sociari
412 603 512 676 valde
527 601 729 678 abominata
747 618 812 676 est.
829 601 991 703 Anglum
1007 602 1142 675 viderat
1154 620 1183 675 et

133 721 326 808 dilexerat,
352 719 412 794 sed
441 719 545 793 lbero
573 720 741 820 oonjungi
771 720 878 792 nimis
903 719 1061 807 metuit,
1091 745 1185 819 quem
1240 709 1243 743 ³

135 864 320 938 nunquam
338 852 578 937 perspexerat.
601 837 850 935 Omnipotenti
871 862 956 936 ergo
976 832 1109 908 effudit
1122 861 1188 932 pie

134 983 212 1029 eem
236 955 493 1055 lacrymosam,
523 982 568 1029 ne
593 957 785 1029 duceretur
807 955 880 1053 ipsa
905 955 945 1025 in
967 952 1187 1051 Hispaniam,
1238 946 1242 986 ²

135 1072 195 1145 sed
212 1073 285 1171 ipse
301 1073 421 1170 potius
438 1073 631 1171 susciperet
644 1099 734 1145 eam.
750 1072 874 1145 Oravit
890 1088 927 1144 et
943 1069 1111 1144 exaudita
1127 1085 1189 1156 est,
1240 1078 1242 1085 ⁴

135 1188 325 1288 obiterque
341 1190 444 1288 virgo
466 1189 633 1262 defuncta
657 1205 723 1262 est.
749 1187 884 1262 Deinde
907 1189 1041 1286 eorpus
1061 1189 1139 1285 ejus
1157 1185 1193 1257 ad

138 1305 253 1378 iiatale
273 1306 389 1377 solum
410 1332 429 1377 a
447 1304 657 1380 ductoribus
675 1303 828 1378 relatum
843 1319 914 1391 est,
937 1317 974 1377 et
997 1303 1038 1375 iu
1057 1301 1192 1375 eeclesia

138 1436 270 1493 sanctae
286 1420 413 1493 Mariae
432 1438 615 1520 perpetuae
637 1421 816 1521 Virginis,
841 1421 879 1493 in
904 1417 995 1493 urbe
1017 1417 1193 1517 Bajooeusi

139 1536 318 1634 sepultum
335 1552 400 1609 est.
421 1536 577 1611 Adelidie
597 1537 837 1638 pulcherrima
853 1536 957 1636 virgo
974 1538 1053 1636 jam
1069 1532 1195 1607 nubilis

140 1653 266 1726 devote
283 1655 362 1727 Deo
377 1680 414 1726 se
433 1655 714 1742 commendavit,
732 1669 769 1728 et
785 1652 851 1725 sub
869 1653 977 1727 tutela
1000 1650 1144 1751 llogerii
1157 1648 1195 1722 de

141 1768 366 1842 Bellomonte
388 1785 512 1844 saneto
533 1770 606 1844 fine
627 1770 764 1870 quievit
786 1772 853 1868 (1).
878 1768 1090 1844 Constantia
1116 1768 1195 1839 rer-

142 1913 261 1984 ganno
275 1888 399 1961 comiti
412 1890 619 1975 Britonum‚
635 1888 858 1962 Nauticensie
870 1887 960 1974 filio,
975 1886 1115 1986 BaJ'ocie
1124 1885 1195 1957 data

143 2018 196 2075 est
214 2030 232 2074 a
250 2018 351 2102 patre
372 2031 454 2076 cum
481 2007 617 2105 ingenti
642 2004 820 2105 tripudio,
847 2030 930 2104 quae
954 2005 992 2075 in
1018 2003 1195 2075 Britannia

143 2132 285 2190 mortua
305 2134 358 2191 est
374 2120 451 2192 sine
467 2118 543 2194 lilio
561 2123 576 2219 (
601 2121 632 2218 ).

148 2335 260 2390 Castille
273 2355 308 2391 en
325 2355 405 2412 1072,
424 2348 453 2392 et
465 2337 500 2393 de
511 2339 608 2395 Galioe
619 2339 725 2395 l’annee
737 2342 868 2397 mirante.
890 2341 939 2395 ln
957 2337 1110 2393 hiatorieua
1127 2352 1199 2408 eqn-

150 2425 245 2495 gnola,
257 2426 306 2499 qni
323 2426 462 2500 appellent
474 2429 583 2500 Agathe
598 2429 732 2502 Agueda,
747 2430 855 2504 placent
868 2429 930 2485 leur
941 2431 1063 2502 mariage
1077 2445 1113 2482 en
1126 2423 1199 2490 1068,

150 2514 367 2587 loraqu'Allonae
378 2517 473 2571 n’etait
488 2536 588 2572 ennom
600 2519 642 2572 noi
658 2537 712 2592 que
728 2518 764 2573 de
776 2521 861 2576 Leon.
879 2518 952 2576 θαι
968 2519 1043 2573 donc
1053 2519 1069 2572 a
1080 2515 1107 2570 la
1120 2515 1202 2569 meme

152 2604 238 2655 annee
248 2602 316 2674 qu'il
326 2604 385 2657 saut
394 2615 538 2677 rapporter
547 2605 574 2659 la
584 2617 658 2660 mort
669 2606 704 2660 de
716 2606 740 2661 la
750 2607 832 2677 ieune
845 2609 991 2682 prinoeaoe.
1002 2605 1043 2662 (¹ae
1056 2605 1136 2659 triste
1147 2604 1203 2656 ἑνὸ-

153 2708 264 2745 nement
280 2691 441 2766 n'empecba
455 2711 503 2767 pas
520 2694 633 2750 Allonae
649 2695 685 2751 de
702 2696 838 2751 chercher
849 2715 892 2752 aea
903 2695 1030 2750 alliauoea
1040 2711 1078 2748 eu
1090 2692 1205 2753 Franoet

152 2799 199 2833 ear
215 2779 234 2834 il
253 2783 355 2854 eponaa
372 2785 610 2853 mooeuivement,
628 2804 664 2841 en
681 2792 763 2860 1074,
784 2790 892 2860 Agnes,
907 2785 962 2842 fille
980 2784 1016 2841 de
1033 2781 1205 2845 Guilltmi

152 2871 265 2926 aixieme
277 2870 316 2926 du
328 2891 394 2928 nom
407 2892 515 2931 comme
532 2887 622 2933 oomte
638 2875 674 2932 de
685 2877 819 2945 Poitiera,
833 2888 863 2933 et
879 2877 1014 2931 huitieme
1032 2891 1142 2930 nomme
1158 2870 1208 2926 dut

152 2958 342 3034 d’Aquitaine,
362 2965 438 3037 puia,
457 2983 493 3020 en
512 2965 592 3033 1080,
610 2965 779 3035 Comum
801 2965 905 3023 lilledo
923 2964 1030 3022 Roben
1049 2965 1093 3031 1⁸,
1107 2962 1162 3018 dut
1176 2958 1208 3016 ὼ

152 3048 325 3124 Bourgogne.

187 3141 301 3197 Suivant
312 3142 430 3197 l’auteur
443 3144 478 3198 de
490 3144 516 3199 la
529 3147 572 3199 vie
584 3144 623 3200 du
637 3145 668 3202 B.
681 3146 777 3202 Simon
790 3147 825 3201 de
837 3148 947 3220 (Inopi,
964 3145 1005 3200 fila
1017 3144 1055 3200 de
1066 3140 1157 3198 mont
1169 3141 1207 3203 11,

152 3244 242 3287 comte
260 3232 296 3286 de
315 3233 411 3306 Creapi
431 3245 462 3288 et
481 3233 516 3289 de
536 3234 645 3302 Valoia,
669 3236 806 3308 plusieurs
823 3236 876 3292 loir
895 3235 1057 3291 mentionue'
1076 3230 1209 3287 ci-dew

152 3325 195 3394 (p.
220 3318 268 3375 113
286 3331 315 3375 et
337 3320 419 3391 168),
440 3322 601 3379 Guillaume
619 3327 709 3380 aurait
727 3325 811 3380 voulu
830 3326 931 3380 marica·
949 3335 1021 3380 cette
1040 3321 1208 3396 pnnoenet

152 3413 257 3480 Simon,
272 3413 307 3467 de
320 3413 478 3487 preferenoe
488 3418 504 3469 a
513 3415 655 3489 Alphonae
664 3420 718 3472 eta
731 3416 837 3472 Robert
844 3415 993 3483 Guiaeard,
1006 3415 1056 3488 qui
1068 3411 1209 3468 l'auraieut

151 3502 200 3557 fait
213 3502 364 3559 demandet
381 3523 431 3577 par
446 3502 521 3559 leurs
534 3504 753 3572 ambmadeum
770 3507 839 3560 maia
854 3505 911 3561 oela
922 3515 965 3560 eat
979 3504 1058 3570 saux,
1072 3519 1108 3556 au
1123 3501 1209 3556 noim

152 3611 222 3664 pour
234 3611 265 3647 ee
279 3593 328 3665 qui
337 3611 472 3648 eonoerue
485 3592 606 3663 Roben,
621 3598 707 3651 marie
719 3596 768 3652 dea
782 3593 848 3653 m53
860 3600 875 3650 a
885 3594 1038 3668 l'ltdm'ique
1049 3590 1208 3666 Sigelssaioe»

151 3684 200 3756 qui
214 3683 252 3738 lui
266 3687 405 3740 tundent.

184 3774 223 3840 (ι)
241 3771 318 3826 Nous
333 3790 485 3846 mppoaona
495 3791 550 3847 que
561 3783 633 3828 cette
645 3777 781 3847 princeaae
793 3794 821 3830 ae
836 3776 919 3830 netira
932 3779 947 3829 i
962 3767 1209 3844 saint-ugent-

150 3861 271 3927 l‘rdaux,
284 3863 439 3915 monastere
455 3862 491 3916 de
507 3860 621 3916 lemmea
634 3863 717 3919 fonde
729 3884 779 3937 par
793 3864 895 3920 Onlroi
908 3863 943 3919 de
955 3861 1085 3925 Vieillea,
1100 3861 1166 3932 pere
1177 3856 1210 3911 (lt

149 3950 251 4021 linger,
266 3960 295 4004 et
308 3951 414 4006 Aubrie
433 3971 461 4006 aa
481 3953 572 4019 mere,
587 3955 649 4025 puia
665 3957 772 4010 enrichi
787 3975 835 4028 par
854 3955 892 4009 lea
910 3954 981 4008 dom
999 3951 1035 4007 de
1051 3951 1146 4024 Roget
1158 3947 1209 4003 lui·

146 4038 246 4092 mimo.
262 4036 418 4092 Guillaume
431 4038 465 4092 de
475 4041 490 4092 J
494 4041 615 4112 umieges
624 4043 743 4098 confond
759 4043 866 4099 Adeliae
875 4060 939 4096 avec
950 4060 976 4096 aa
988 4059 1061 4095 aoeur
1072 4037 1190 4111 Agathe.

183 4128 220 4196 (a)
241 4126 332 4199 Voyez
345 4144 390 4180 ειιι·
402 4145 432 4181 ce
446 4130 564 4199 mariage
578 4128 724 4203 lepassagr
738 4132 887 4197 eudemus,
902 4150 928 4204 p.
943 4149 1002 4204 '19¹2
1017 4132 1054 4182 ou
1067 4137 1148 4182 notre
1161 4141 1207 4178 au·
