2768 5094
15 413 118 490 ross]
374 412 489 475 trusa
512 416 706 490 ousnrus.
1023 428 1084 486 iss

12 532 258 630 mpatientcm
275 531 374 617 radi,
391 558 457 606 trec
470 534 613 635 navigio
628 537 806 608 usitatam.
827 535 993 612 Reditum
1008 568 1085 615 sua-

10 646 180 722 lentibus
201 675 276 724 nou
296 648 516 750 adquiescit,
541 669 692 751 pontem
718 652 794 726 lieri
819 654 1027 731 volentibus
1049 658 1085 731 id

10 780 261 864 apportunum
289 790 365 837 nou
390 793 463 838 esse
488 768 703 865 respondet,
729 795 775 842 ue
798 768 911 843 bostis
935 788 1085 869 repente

10 905 118 979 super
135 906 196 953 tos
222 880 376 952 irrueret
396 896 429 952 et
453 881 651 957 inferendas
673 882 781 956 cladis
798 887 1023 961 occasionem
1045 889 1083 961 in

13 1024 87 1097 pso
104 1025 214 1096 opere
229 997 388 1074 baberet.
406 1000 496 1071 Tres
512 998 749 1074 hebdomades
767 1002 840 1074 illic
857 1003 1082 1079 detinentur.

10 1117 176 1216 tteuique
194 1117 306 1190 lisois
324 1118 436 1190 audax
453 1118 574 1206 miles,
593 1120 762 1218 quamde
780 1121 1010 1196 Monasteriis
1026 1126 1043 1223 (
1051 1126 1084 1222 t)

10 1233 315 1334 ignominalmnt,
334 1234 469 1309 llumen
487 1261 716 1335 summopere
733 1238 952 1327 attentabat,
973 1257 1010 1314 et
1024 1266 1086 1314 ra·

10 1350 94 1423 lum
115 1378 221 1450 supra
245 1350 411 1452 infraque
429 1349 660 1453 quaeritabat.
682 1355 750 1428 Per
768 1355 920 1429 multam
936 1358 1084 1432 demum

10 1469 261 1543 titficutmem
292 1470 413 1542 locum
442 1469 731 1546 transmeabilem
750 1470 1018 1572 deprehendit,
1048 1492 1086 1550 et.

10 1614 90 1659 *um
123 1612 169 1659 ux
200 1588 437 1687 magnanimis
472 1586 654 1688 equitibus
686 1589 940 1687 pertransivit,
976 1619 1084 1692 super

10 1728 103 1803 {uos
121 1702 280 1777 bostium
299 1702 497 1776 multitudo
515 1705 622 1776 irruit
634 1733 644 1791 ;
669 1705 729 1777 sed
752 1703 807 1777 his
827 1706 1000 1781 acerrime
1022 1734 1084 1781 re-

10 1820 255 1919 sugnautibus
271 1847 347 1894 nou
364 1820 567 1921 praevaluit.
586 1821 736 1893 Postero
751 1820 810 1894 die
827 1823 941 1895 Lisois
958 1849 1084 1896 rever-

10 1963 62 2010 »us
80 1936 206 2038 prodit
219 1937 371 2029 sadum,
388 1965 454 2011 uec
467 1963 568 2011 mora
582 1938 785 2011 traducitur
798 1939 989 2013 exercitus.
1005 1941 1085 2013 ltur

10 2082 69 2128 ter
88 2055 227 2155 sylvas,
247 2055 411 2153 paludes,
435 2069 631 2143 montana,
652 2054 759 2128 valles
783 2056 983 2129 arctissimo
1007 2071 1085 2128 tra·

10 2173 120 2257 nite,
143 2173 207 2272 qui
235 2170 342 2247 binos
373 2173 566 2245 lateraliter
594 2173 645 2244 ire
672 2198 747 2247 non
777 2168 993 2271 patiebatur.
1024 2173 1083 2246 sic

10 2290 177 2365 eboraco
203 2292 536 2391 appropinquatum
563 2306 640 2377 est,
673 2288 733 2364 sed
762 2293 882 2363 Danos
906 2290 1084 2392 aufugisse

10 2410 218 2481 nuntiatum
241 2426 307 2480 est.
328 2410 402 2482 Rex
425 2424 544 2481 autern
568 2406 735 2480 tribunos
753 2424 787 2481 et
810 2406 979 2506 proesides
999 2432 1083 2480 cum

16 2539 229 2598 renatorum
255 2550 385 2611 maitu,
410 2526 472 2623 qui
500 2538 743 2596 restaurarent
767 2526 804 2597 in
829 2523 920 2597 urbe
941 2524 1083 2600 castella

10 2645 161 2729 lira-xit,
191 2659 227 2715 et
252 2643 341 2715 alios
364 2640 601 2716 nibilominus
629 2643 665 2712 in
690 2641 766 2739 ripa
794 2639 991 2729 Humbrae,
1015 2644 1080 2743 qui

10 2764 114 2835 lanis
130 2763 355 2846 resisterent,
369 2760 530 2859 reliquit.
548 2760 624 2856 lpse
641 2784 727 2832 sero
749 2760 786 2830 in
805 2759 958 2832 saltuosa
975 2786 1081 2860 quaa-

10 2880 83 2950 lam
106 2895 144 2949 et
160 2876 367 2949 dillirillime
383 2873 599 2949 accessibilia
619 2874 695 2948 loca
717 2876 928 2962 contendit,
954 2893 989 2948 et
1014 2875 1081 2948 ab·

10 3000 95 3069 litos
116 2996 189 3068 illie
208 2993 327 3067 hostes
346 2994 510 3093 persequi
530 3018 759 3091 summopere
777 2991 928 3063 studuit.
955 2993 1081 3091 Spatia

10 3130 149 3185 rentum
164 3112 417 3185 milliariorum
432 3127 543 3183 eastra
561 3114 636 3204 ejus
651 3107 921 3181 dilluuduntur.
939 3110 1081 3184 Pleros-

11 3260 73 3331 {ue
89 3229 210 3327 gladio
225 3228 367 3301 vindice
380 3229 484 3313 ferit,
504 3227 657 3298 aliorum
675 3223 827 3297 latebras
841 3225 990 3314 evertit,
1009 3242 1081 3299 ter·

10 3377 57 3419 as
70 3348 229 3419 deuastat
238 3402 248 3433 ,
264 3363 300 3417 et
313 3344 440 3421 domos
454 3369 537 3418 cum
551 3342 659 3415 rebus
673 3341 844 3414 omnibus
857 3359 1077 3416 concremat.

10 3466 189 3564 ¹Nusquam
216 3477 312 3535 tauta
338 3459 551 3534 crudelitate
577 3485 660 3531 usus
685 3472 738 3529 eat
762 3456 995 3544 Guillelmns3
1020 3458 1079 3531 laic

10 3584 162 3680 turpiter
175 3581 265 3653 vitio
285 3577 497 3663 succubuit,
517 3575 604 3648 dum
623 3575 712 3646 iram
731 3598 830 3645 suam
852 3599 974 3672 regere
992 3596 1080 3648 con-

10 3701 175 3799 tempsit,
205 3715 241 3771 et
271 3724 351 3771 reos
380 3698 631 3793 innocuosque
662 3693 737 3793 puri
771 3691 1080 3768 artimadrersioue

10 3818 169 3914 peremit.
190 3817 301 3887 lussit
323 3815 422 3887 enim
447 3814 496 3884 ira
520 3811 730 3884 stimulante
752 3807 930 3909 segetibus
954 3826 989 3884 et
1013 3838 1080 3912 pe·

10 3934 149 4010 ·oribus
173 3960 255 4006 eum
279 3934 368 4004 rasis
391 3948 427 4004 et
451 3931 552 4005 omni
580 3955 710 4027 gessere
733 3927 989 4002 alimentorum
1018 3957 1080 4003 re-

34 4217 74 4283 ζι)
95 4212 150 4267 Des
164 4211 310 4266 noussen.
325 4209 348 4264 ll
361 4210 448 4263 existe
465 4224 501 4260 eu
521 4200 693 4261 liorruaudie
712 4201 849 4275 plusieurs
867 4218 1029 4255 communes
1042 4202 1078 4255 de

10 4322 30 4357 u
44 4320 122 4357 nom.
140 4301 178 4356 ll.
192 4301 228 4357 de
240 4299 365 4356 Gerville
379 4315 462 4372 mse
476 4293 544 4370 qu'il
558 4293 637 4367 s'rgit
651 4293 687 4346 ici
700 4289 750 4346 des
764 4290 1076 4345 storum-«attumne
