2768 5094
66 381 176 458 [iou]
403 332 413 357 '
443 378 560 440 retusa
580 376 757 441 seorsus.
1090 386 1131 446 st

66 499 333 587 liunu'llimam,
352 516 386 569 et
404 503 601 572 orationem
614 527 684 601 pro
700 526 809 602 posse
825 502 1003 575 devotam.
1024 504 1132 602 Quo-

64 619 169 689 niam
191 633 278 688 unte
299 641 419 689 omnes
443 633 477 687 et
493 642 604 717 super
621 644 745 691 omnes
763 617 925 691 ecclesiae
942 625 1130 719 proelatos,

65 733 226 805 Domine
247 750 370 835 pater,
397 750 555 806 uestrum
583 752 636 806 est
663 737 701 806 in
731 736 893 808 uniuerso
916 736 998 808 orbe
1025 743 1133 812 totius

61 848 341 922 christianitatis
357 848 635 922 sollicitudinem
649 878 791 950 gerere,
806 855 1012 926 animarum
1029 853 1134 930 lucra

60 967 212 1038 ardenti
230 965 410 1038 desiderio
429 993 609 1065 quarere,
635 968 888 1043 discordantes
906 970 962 1042 ad
979 997 1133 1045 concor-

59 1081 170 1153 diam
187 1097 310 1154 uestra
327 1083 544 1154 auctoritate
561 1109 754 1167 reuocare;
773 1083 912 1158 idcireo
930 1111 998 1184 ego
1017 1086 1133 1161 abbas

59 1200 228 1294 ignotus,
248 1197 344 1268 intra
364 1198 545 1295 gremium
567 1214 685 1269 tamen
704 1215 831 1270 uestro
854 1200 1133 1277 custodioema-

61 1339 176 1395 nens,
202 1312 256 1384 ad
277 1339 342 1385 uos
364 1330 541 1411 tanquam
560 1312 943 1386 ud·clementissimum
965 1317 1135 1393 consola·

63 1448 177 1501 tarem
189 1487 200 1519 ,
228 1447 356 1530 aperta
380 1456 490 1519 uoce,
517 1456 569 1501 ex
589 1446 663 1501 toto
685 1432 768 1502 nisu
791 1435 917 1503 mentis
940 1433 1112 1507 exclamo
1117 1489 1130 1521 ,

57 1572 188 1647 preces
194 1545 341 1642 fundo,
363 1544 536 1618 solatium
555 1545 730 1647 implum,
752 1565 790 1617 ut
811 1575 867 1619 me
885 1575 953 1647 per
971 1552 1134 1647 gratiam

62 1680 221 1735 vestram
240 1690 264 1734 a
281 1662 444 1762 quadam
459 1663 598 1736 ordinis
614 1665 730 1734 nostri
735 1663 986 1761 fluctuatione
992 1720 1005 1754 ,
1021 1693 1132 1766 quum

57 1784 198 1882 patior,
227 1780 426 1853 secundum
454 1781 706 1853 rectitudinem
735 1784 966 1854 auctoritatis
997 1785 1133 1885 eripere

62 1898 280 1997 dignemini.
298 1898 414 1998 Cujus
420 1899 680 1994 fluctuationis
697 1924 812 1970 causo
828 1897 909 1970 ltuec
922 1918 987 1971 est.
1003 1901 1135 1975 Sancti

65 2013 209 2113 Ebrulſs
225 2013 411 2087 abbatiam
440 2017 573 2112 (quam
594 2041 662 2114 ego
686 2041 784 2086 nune
805 2019 926 2107 teneo)
947 2018 1132 2114 quondam

60 2149 148 2204 unte
155 2159 212 2205 me
220 2134 375 2205 domnus
385 2131 501 2204 ubbus
513 2131 717 2204 Radbertus
729 2135 1023 2231 consanguineus
1033 2136 1089 2205 W
1089 2135 1133 2208 il·

62 2247 164 2319 lelmi
187 2247 394 2320 Normcmni
416 2246 544 2318 militis
560 2246 690 2346 fidelis
713 2249 826 2318 uestri
856 2264 1019 2320 tenuerat
1022 2282 1040 2334 ,·
1065 2250 1133 2322 sad

60 2362 223 2460 quodum
252 2363 435 2436 contrario
461 2362 534 2435 sibi
561 2365 789 2461 contingente
815 2388 895 2434 eum
925 2363 1074 2463 reliquit
1096 2383 1131 2437 et

59 2480 241 2552 discessit.
261 2482 440 2578 Princeps
458 2497 580 2552 autem
594 2482 794 2580 prouincia
810 2495 844 2551 et
854 2479 1008 2578 prolati
1019 2480 1131 2554 ecclc·

59 2601 127 2670 sioe
148 2624 206 2670 me
232 2600 270 2669 in
291 2598 417 2671 eodem
440 2597 517 2670 loco
538 2595 705 2671 abbatem
732 2599 1006 2682 constituerunt,
1031 2613 1065 2669 et
1090 2614 1129 2670 ut

59 2714 148 2786 mibi
171 2741 281 2816 super
302 2713 371 2787 boc
393 2715 592 2815 trepidanti
615 2727 846 2786 asseruerunt
875 2729 909 2784 et
938 2730 1125 2802 asserunt,

58 2848 152 2904 reete
169 2858 217 2904 ac
232 2830 431 2905 secundum
449 2833 567 2903 Deum
586 2857 644 2902 me
658 2830 917 2903 ordinaverunt
924 2863 941 2913 ;
957 2833 1079 2903 nescio
1092 2834 1129 2903 si

57 2975 184 3020 uerum
200 2947 341 3021 dicunt.
364 2949 446 3020 Hoc
466 2948 582 3019 solum
601 2973 652 3018 ex
670 2972 752 3017 meu
768 2945 1126 3046 conscientiafimu'-

56 3083 111 3136 ter
125 3066 225 3150 scia,
247 3068 337 3164 quia
353 3091 424 3136 non
435 3091 564 3166 prece,
582 3091 656 3135 non
673 3065 812 3164 pretio,
831 3062 1125 3167 nonjamiliari-

55 3197 152 3267 tate,
178 3206 251 3251 non
275 3179 469 3278 obsequio,
490 3205 559 3251 nec
581 3177 692 3251 ullius
714 3177 931 3251 calliditatis
953 3181 1120 3277 ingenio,

53 3296 124 3367 sed
137 3296 217 3367 solo
234 3294 451 3367 obedientia
463 3312 649 3397 praeopto
666 3297 866 3392 (quantum
885 3293 940 3366 od
956 3294 1034 3389 me)
1051 3293 1122 3366 ab·

53 3410 150 3482 batis
172 3437 302 3481 nomen
325 3427 359 3481 et
379 3437 468 3480 onus
490 3411 654 3509 suscepi,
676 3425 710 3478 et
725 3408 960 3507 suscipiendo
979 3406 1121 3480 nullam

51 3527 277 3599 calumniam
292 3527 430 3599 audiui.
447 3526 629 3623 Pralutus
640 3550 727 3623 ergo
742 3522 944 3596 liodbertus
960 3521 1078 3595 abbas
1092 3551 1120 3597 u

50 3644 156 3715 nobis
173 3644 282 3743 longe
298 3659 502 3745 asportatus
520 3646 556 3713 in
579 3644 767 3741 prouincia
788 3637 974 3712 Calabria
991 3640 1119 3739 cujus·

49 3764 138 3833 dam
156 3763 372 3834 monasterii
383 3776 492 3860 pater
505 3776 556 3830 est
573 3759 741 3854 effectus,
759 3775 792 3826 et
809 3755 863 3826 ibi
874 3758 1036 3853 grauiter
1050 3754 1116 3829 ud·

49 3906 187 3950 uersum
204 3904 260 3949 me
279 3882 335 3949 ira
357 3878 512 3976 odioque
531 3895 699 3962 moutur,
722 3874 983 3959 cnbrmniatur,
1009 3899 1114 3944 cont·

49 4000 231 4077 minatur,
267 3995 392 4067 dicens
425 4022 482 4066 me
511 3994 628 4065 locum
656 4018 759 4063 suuni
788 3995 960 4064 inuasisse
987 4008 1113 4060 contra

50 4114 180 4185 Deum.
202 4114 263 4183 Ex
280 4140 353 4210 qua
372 4112 589 4184 dissentione
606 4129 639 4182 et
652 4112 788 4182 unimec
805 4109 1028 4181 subditorum
1047 4109 1113 4178 uti·
