2768 5094
265 321 327 383 aso
496 320 682 384 ursrouu
703 318 1007 384 semmurum.
1032 327 1126 400 [nm
1147 323 1321 404 sonoros]
1341 316 1375 372 ψ

264 464 448 530 reversus,
464 440 708 516 fontinellam
722 440 890 539 expetiit,
909 456 947 516 et
961 468 980 514 a
994 442 1074 515 viro
1091 439 1322 518 eruditissimo
1341 478 1384 585 b

265 555 445 634 Gerbertn
464 557 620 658 ejusdem
642 556 803 633 coenobii
822 552 951 633 abbate
969 557 1219 634 monachilem
1238 557 1324 634 hali·
1344 596 1384 707 Ι

267 688 346 747 tum
362 677 535 775 suscepit,
554 673 622 748 sub
639 700 715 776 qno
721 677 797 775 jam
813 674 851 747 in
868 675 999 752 online
1014 677 1219 751 instructus
1242 678 1325 777 prio·
1345 709 1384 821 *fi

265 805 387 863 ratum
401 789 678 865 administravit.
703 793 810 866 llnnc
835 790 881 864 ab
897 791 1025 869 abbate
1050 820 1116 868 suo
1143 821 1233 885 rex,
1258 797 1325 897 qula
1361 827 1365 846 ¹

264 909 366 1009 prius
387 935 472 982 eum
495 924 645 983 noverat
667 910 747 1009 (ι),
764 909 954 1009 requisivit
973 926 1011 984 et
1031 909 1327 987 Gnrlandensibns

265 1029 477 1127 praeposuit.
498 1027 569 1120 Qui
588 1043 779 1127 postquam
795 1027 999 1102 Grulandioe
1014 1029 1179 1130 regimen
1194 1028 1327 1116 habuit,
1352 1062 1356 1090 ι

266 1142 519 1242 praedecessori
536 1167 601 1216 suo
617 1140 785 1242 precibus
802 1139 979 1217 benivolis
990 1142 1086 1242 apud
1101 1142 1328 1218 Guillelmum
1356 1147 1361 1157 '

266 1285 388 1360 regem
413 1259 606 1334 subvenire
628 1260 767 1359 sategit.
791 1258 995 1334 Ulfketelus
1019 1261 1141 1362 itaque
1164 1263 1354 1361 permina.

267 1376 370 1478 Regis
386 1378 548 1478 Burgum
565 1378 621 1475 (a)
637 1407 646 1448 z
664 1377 708 1450 ad
725 1403 825 1449 snam
842 1378 978 1451 scilicet
994 1379 1197 1468 eeclesiam,
1214 1378 1327 1464 rediit3

268 1492 392 1596 ibique
407 1511 491 1594 post
508 1493 648 1594 aliquot
664 1519 779 1568 annos
791 1509 858 1567 νιν
879 1494 957 1568 idus
968 1496 1063 1595 junii
1080 1494 1191 1570 obiit.
1364 1556 1379 1568 .

317 1613 433 1687 Porro
446 1611 555 1684 abbas
567 1611 743 1712 lngollus,
758 1629 870 1712 prout
881 1613 1016 1712 potuit,
1027 1628 1198 1713 suscepto
1210 1638 1331 1689 mona·

267 1731 381 1806 sterio
396 1726 587 1802 subvenire
604 1727 761 1813 studuit;
783 1728 843 1805 sed
859 1729 1004 1805 adversa
1025 1747 1120 1805 nutu
1131 1733 1200 1806 Dei
1217 1758 1331 1834 qnam

268 1847 423 1948 plurima
443 1848 609 1948 pertulit.
631 1846 724 1920 Nam
747 1873 829 1947 pars
850 1848 1008 1923 ecclesiae
1027 1874 1113 1922 enm
1130 1849 1287 1924 officinis
1304 1864 1333 1924 et

267 1964 428 2039 vestibus
442 1980 480 2040 et
491 1965 614 2053 libris,
634 1964 829 2067 multisque
844 1965 922 2039 aliis
935 1964 1043 2039 rebus
1058 1966 1268 2041 neomeniis
1281 1993 1333 2041 re·

267 2084 422 2186 pentino
450 2083 533 2184 igue
559 2081 749 2158 oombusta
775 2097 830 2154 est
856 2082 924 2181 (3).
958 2083 1037 2181 lpse
1067 2107 1219 2184 quoque
1245 2085 1333 2185 greti

268 2199 402 2276 morbo
418 2197 587 2302 podagre
602 2197 788 2305 detentus,
805 2196 868 2270 din
881 2212 965 2272 ante
975 2212 1134 2273 mortem
1150 2224 1254 2272 suam
1265 2199 1336 2272 lan·

267 2320 365 2419 guit,
389 2318 449 2391 sed
473 2317 587 2389 vivaci
611 2321 733 2389 animo
755 2311 908 2387 subditis
931 2313 1100 2415 prodesse
1123 2339 1202 2391 non
1223 2316 1335 2390 desiit.

269 2437 338 2509 llic
354 2460 486 2533 corpus
499 2432 661 2506 Gualleri
679 2431 823 2505 eomitis
834 2431 882 2506 de
892 2430 1052 2532 “pitulo
1062 2432 1171 2532 jussit
1183 2432 1221 2506 in
1235 2431 1339 2506 wele·

268 2553 359 2627 siam
373 2550 581 2640 transferri,
601 2568 638 2625 et
650 2576 793 2652 aquam,
811 2549 994 2624 undeossa
1007 2549 1233 2644 lavarentur,
1254 2548 1339 2622 eale

269 2669 359 2745 fieri.
377 2668 447 2743 Sed
459 2682 650 2770 postquam
667 2665 873 2768 sarcophagi
892 2668 1119 2768 opertorium
1134 2667 1338 2742 revolutum

270 2803 341 2876 est,
353 2812 486 2886 corpus
496 2800 536 2859 x⁰
546 2791 598 2860 v1⁰
610 2785 843 2859 dormitionis
853 2811 928 2859 suae
941 2809 1040 2860 anno
1053 2784 1242 2886 integrum
1252 2785 1340 2857 sieut

270 2905 309 2978 in
320 2904 380 2978 die
395 2929 471 3006 quo
481 2902 663 3003 sepultum
674 2902 815 2992 suerat,
834 2919 871 2976 et
886 2917 995 3004 eaput
1005 2901 1152 3003 oorpori
1170 2904 1341 3003 eonjum

270 3039 347 3097 tum
360 3038 546 3121 repertum
560 3037 626 3095 est.
642 3020 762 3095 Filum
776 3019 1031 3097 tantummodo
1044 3021 1144 3122 quasi
1157 3045 1230 3120 pro
1240 3021 1341 3121 siguo

268 3139 518 3215 decollationis
540 3136 785 3213 rubicundum
812 3138 983 3214 viderunt
1002 3137 1171 3214 monaehi
1199 3154 1238 3213 et
1264 3139 1339 3213 laici

268 3256 1147 3361 quampluresquiaffnerunt.Translatoantemin
1157 3255 1339 3333 eeclesiam

304 3488 343 3557 (ι)
362 3484 410 3542 On
423 3485 499 3538 vient
512 3483 548 3538 de
561 3483 622 3537 voir
631 3482 700 3556 qu'il
710 3481 782 3536 avait
794 3484 839 3537 ete
851 3483 997 3538 secreuire
1009 3481 1049 3536 (ln
1063 3484 1123 3551 roi,
1137 3483 1188 3557 qui
1197 3479 1338 3557 l'appela'a

269 3586 313 3632 oet
322 3572 425 3647 emploi
438 3572 507 3627 dans
518 3589 568 3628 son
581 3589 684 3645 voyage
693 3569 887 3644 d’nngtenns
897 3588 933 3626 eu
946 3568 1021 3627 105¹.
1032 3571 1079 3627 Au
1089 3578 1216 3626 moment
1226 3567 1265 3626 tle
1273 3568 1338 3625 l’eu·

269 3665 396 3740 pedition
411 3662 446 3717 de
461 3661 543 3728 1066,
557 3661 578 3716 il
590 3662 677 3729 avait,
692 3678 728 3715 en
740 3661 845 3734 qualite
856 3660 892 3716 (le
904 3661 1000 3736 prieur
1009 3659 1044 3717 de
1053 3659 1177 3734 l’abhaye
1187 3657 1226 3716 tle
1235 3659 1338 3717 Ponte·

268 3756 341 3813 nelle
350 3773 387 3810 ou
397 3752 661 3818 saint-Wandnlle,
674 3754 801 3826 presente
813 3756 829 3807 a
841 3770 873 3807 ce
884 3753 994 3825 prinoe,
1008 3752 1044 3808 de
1053 3751 1078 3807 la
1092 3762 1154 3826 part
1167 3750 1205 3808 de
1216 3750 1337 3809 oeten

269 3863 318 3900 son
331 3844 415 3908 abbe,
431 3842 518 3897 douze
529 3840 679 3896 chevaliers
691 3851 720 3895 et
734 3860 782 3895 roo
796 3858 884 3897 maros
896 3840 1038 3916 (l’argent,
1053 3858 1162 3897 nomme
1172 3840 1338 3917 contingent

268 3932 307 3988 dn
322 3933 476 3987 monestere
489 3930 557 3984 dans
567 3929 593 3984 le
605 3929 751 4002 personne}
760 3930 837 3986 etles
850 3930 916 3986 lrais
929 3929 965 3986 de
978 3931 1161 4006 l’entrepdte.

303 4025 343 4093 (a)
361 4021 581 4093 Peterborough.
595 4051 632 4063 -
644 4020 767 4076 Ulllretel
782 4033 898 4078 mourut
911 4022 936 4077 le
948 4020 982 4077 30
997 4020 1154 4095 septembre
1171 4018 1250 4077 nott.

304 4112 342 4182 (3)
361 4113 412 4168 Cet
426 4110 613 4166 incendissent
627 4112 682 4167 lieu
697 4131 731 4167 en
748 4131 823 4186 ¹⁰9¹·
