2768 5094
18 360 129 433 [clm
155 356 247 433 tota]
402 352 519 415 LIBER
539 353 723 429 QUINTUS.
1042 356 1102 418 tit
1202 374 1213 393 ³

21 476 259 576 nutantique
280 474 510 576 qualiterve!
532 500 608 575 quo
631 491 770 547 tantum
795 498 885 573 opus
909 476 1100 575 inciperet,

25 590 245 691 hujusmodi
260 590 348 663 dans
366 591 569 663 consilium.

83 710 221 799 Multi,
242 724 384 781 strenue
407 711 479 791 uir,
508 724 640 782 uestra
664 709 839 781 intrarent
864 710 1081 784 sublimitati
1086 744 1103 795 ,·

29 826 108 901 sed
116 826 270 900 diversis
280 825 532 899 intentionibus
540 825 642 897 uobis
650 825 758 897 verbo
766 825 827 898 uel
836 844 922 899 actu
928 846 1108 901 conantur

32 946 207 1045 obsequi.
225 944 387 1043 Quidam
402 946 497 1016 enim
513 970 583 1045 pro
599 942 704 1016 libitu
717 970 784 1016 suo
796 944 881 1045 plur
897 961 1018 1018 uestra
1034 944 1108 1017 sibi

35 1064 199 1165 cupiunt
214 1060 391 1160 adipisci,
412 1086 523 1159 quam
538 1086 602 1133 vos
620 1059 674 1131 ad
687 1086 943 1158 permansurus
959 1060 1108 1135 honorus

38 1174 311 1251 nanciscendos
324 1174 519 1247 salubriter
530 1173 722 1247 cohortari.
740 1174 818 1246 Sed
831 1179 897 1275 qui
910 1176 1014 1249 uobis
1030 1180 1112 1249 niti·

42 1308 106 1364 tur
118 1293 300 1363 ueraciter
310 1289 570 1377 obsecundare,
583 1288 688 1361 debet
698 1316 778 1375 uos,
794 1290 881 1391 plus
898 1318 1010 1391 quam
1025 1318 1111 1365 ues-

44 1426 125 1493 tra,
141 1433 284 1508 semper
291 1432 419 1477 amare
427 1462 439 1495 ,
458 1422 492 1477 et
510 1432 555 1477 ea
562 1462 575 1496 ,
594 1432 677 1505 qua
688 1406 891 1512 salubriora
905 1426 1006 1499 sunt,
1025 1412 1112 1482 ani-

45 1550 119 1595 nae
140 1541 271 1595 vestra
294 1522 536 1595 indesinenter
557 1533 766 1625 propinare.
794 1524 852 1595 De
873 1524 1113 1599 construendo

48 1641 288 1730 manasterio,
312 1639 442 1712 nobilis
469 1639 572 1712 beros
582 1697 594 1730 ,
620 1655 777 1713 tractam
799 1644 961 1743 coept'sti;
983 1643 1051 1715 sed
1073 1648 1113 1715 in

51 1758 144 1841 illis,
166 1758 232 1855 qui
252 1754 325 1827 sibi
343 1760 462 1855 magis
486 1756 615 1829 erdem
638 1757 726 1829 dari
749 1782 860 1856 quum
880 1756 985 1845 aliis,
1010 1784 1113 1830 com-

50 1874 199 1946 modum
215 1873 375 1945 solamen
393 1873 448 1946 ad
465 1891 538 1945 tarn
561 1874 718 1945 anluum
739 1900 832 1976 opus
848 1902 918 1946 non
936 1877 1112 1949 invenisti.

56 1995 77 2059 Ι
84 1989 312 2065 'ideturmilii
320 1990 689 2081 saluberrirnumessr,
699 1990 905 2063 monachile
912 1992 1116 2065 caenobium

53 2111 210 2205 engere,
238 2124 273 2177 et
298 2106 430 2179 ibidem
455 2106 702 2180 authenticum
730 2109 892 2181 ordinem
916 2110 1114 2183 secundum

54 2227 315 2298 institutionem
336 2226 558 2297 sanctissimi
573 2230 690 2326 patris
711 2224 904 2297 Benedicti
925 2226 1120 2325 diligenter

55 2348 238 2445 imponere
245 2398 257 2431 ‚
277 2342 441 2439 verisque
451 2340 675 2442 pauperibus
689 2340 764 2412 Dei
776 2341 823 2413 de
835 2345 908 2414 tuis
923 2343 1118 2415 abundan-

55 2462 115 2529 tiis
141 2459 277 2529 vietum
303 2473 337 2527 et
365 2458 532 2527 vestitum
558 2456 745 2557 affluenter
768 2482 930 2556 erogare.
962 2458 1118 2531 Provide

55 2602 154 2647 nunc
170 2576 307 2645 intuere
322 2598 406 2671 qua
421 2589 521 2659 sunt,
542 2597 626 2670 qua
643 2576 681 2643 in
696 2570 923 2672 regularibus
935 2591 1118 2647 monaste·

56 2695 123 2762 riis
139 2689 188 2761 ab
204 2688 355 2760 eruditis
374 2688 571 2761 cultoribus
580 2688 694 2787 fiunt.
719 2690 917 2763 Innumero
934 2689 989 2763 ibi
1009 2690 1118 2765 bene-

42 2810 142 2901 jicia
158 2803 320 2906 quotidie
335 2820 506 2903 aguntur,
522 2820 556 2875 et
569 2821 695 2876 contra
712 2804 903 2876 diabolum
919 2833 944 2877 a
958 2822 1118 2881 castren·

57 2926 158 2997 sibus
188 2926 222 2993 C
221 2924 326 2995 bristi
352 2923 502 2995 uiriliter
524 2922 734 2995 dimicatur.
761 2921 869 2994 Nulli
890 2922 1041 2995 dubium
1065 2942 1118 2995 est

56 3040 158 3143 quod
158 3040 276 3143 prnbo
282 3038 524 3138 agonitheta(
532 3040 578 3135 r),
589 3054 724 3137 quanto
732 3042 853 3109 acrior
850 3040 968 3131 suerit
970 3065 1115 3140 pugna,

57 3178 160 3231 tanto
173 3158 372 3258 gloriosior
384 3159 451 3227 erit
466 3158 643 3243 uictoria,
659 3154 881 3256 trupliaique
896 3158 1015 3256 major
1024 3182 1119 3227 rnen

56 3304 117 3349 crs
133 3279 172 3347 in
190 3273 328 3347 calesti
341 3275 458 3345 curia.
478 3272 571 3371 Quis
589 3268 718 3369 referre
729 3288 847 3369 potest
859 3269 1116 3343 nurnacborum

59 3394 224 3493 inpilias,
244 3392 394 3489 lymnos
411 3406 445 3463 ct
455 3388 701 3491 psalmodias,
721 3390 899 3461 orationes
915 3405 949 3460 et
965 3388 1115 3461 eleemo-

57 3538 171 3609 synas
178 3567 190 3600 ,
209 3524 243 3580 et
257 3535 340 3581 cum
354 3507 596 3605 lacrymarum
616 3504 789 3577 imbribus
803 3515 994 3577 nu'ssarum
1009 3505 1117 3579 obla·

59 3636 173 3697 tiones
190 3622 459 3723 quotidianas?
479 3622 617 3693 Christi
630 3648 802 3720 sequaces
820 3624 873 3695 ad
889 3622 955 3695 boc
970 3626 1117 3697 omnino

69 3830 83 3835 -
91 3824 457 3837 ——ffln——Q——uu
464 3822 755 3833 *nn—*nunnun—

113 3958 119 3987 ι
156 3936 230 3989 tiae
244 3960 247 3985 :
263 3933 447 4001 apaerrirrtlirta.
462 3932 501 3983 (ic
515 3944 586 3991 nint,
602 3932 650 4003 qni
664 3932 771 4001 trigariis·
781 3936 846 4005 juge
863 3954 898 3985 nu
909 3934 1053 4003 pre'n'dent
1067 3936 1116 3991 des

65 4050 124 4079 wat
147 4030 287 4095 antiques.
309 4034 348 4075 cst
365 4024 490 4095 cntpiint·
509 4024 542 4075 ici
562 4022 629 4075 datis
648 4022 671 4075 ia
684 4022 865 4091 signification
885 4024 921 4077 tlt·
934 4024 1116 4083 cambattnnt.

89 4126 227 4165 nminat
254 4130 302 4183 qiu
317 4133 349 4165 nt·
363 4112 400 4163 Ιιιι
417 4134 429 4163 ,ι
444 4112 538 4175 inum
548 4122 705 4183 aptus-tcnn.

139 4232 176 4277 u.
936 4232 975 4287 ατ.
