2768 5094
154 326 213 389 142
429 323 612 386 ursroun
633 322 939 388 nccuestssucs.
1017 326 1215 410 [ross-uie

151 443 344 520 clientibus
364 441 506 516 ltadulfi
525 443 569 517 de
586 440 771 532 Cnidium,
791 445 854 544 qui
871 460 961 518 tunc
977 448 1162 547 temporis
1176 448 1217 521 in

152 578 210 636 ter
224 560 427 660 precipuos
451 557 583 631 milites
604 556 802 633 habebatur
829 559 867 632 in
889 561 1055 634 exercitu
1070 561 1217 637 Gallico.

152 678 259 753 Miles
277 677 397 776 itaque
420 674 590 774 praefatus
603 675 664 748 tali
682 675 801 776 praeda
818 676 919 752 valde
934 680 1082 779 gavisus
1098 696 1174 769 est,
1191 696 1221 755 ct

153 797 191 869 in
204 791 478 868 eoelesiuSancti
493 791 642 864 Martini
657 819 678 863 a
696 792 909 894 presbytero
926 809 963 868 et
975 793 1222 895 psnoebisnis

152 910 309 987 studiose
322 908 535 984 collocatum
551 925 602 983 est
611 964 624 1002 ‚
629 912 775 1012 jamque
788 910 921 986 ibidem
932 912 1015 1012 plus
1028 940 1146 1014 quam
1158 938 1222 987 cxx

152 1030 257 1103 snnis
269 1026 521 1101 venerabiliter
534 1043 715 1101 servatum
724 1043 789 1102 est.
805 1030 998 1104 innumera
1015 1028 1112 1103 inibi
1124 1056 1224 1130 snper

154 1144 319 1219 infirmos
336 1142 507 1217 miracula
525 1142 616 1215 lacta
643 1159 750 1231 sunt,
771 1160 807 1218 et
822 1170 935 1244 usque
959 1144 1074 1219 bodie
1090 1170 1225 1247 proms-

154 1277 258 1337 rente
274 1261 478 1360 petentium
494 1261 564 1335 fide
572 1263 632 1360 (ut
648 1277 723 1336 tota
738 1262 903 1335 vicinitas
919 1261 1144 1362 adtestatur)
1156 1263 1225 1337 ία-

154 1394 310 1483 quenter
322 1377 429 1451 fiunt.

203 1501 257 1572 De
273 1495 506 1570 translatione
528 1497 617 1569 sacri
641 1497 822 1596 corporis,
841 1522 950 1597 quam
975 1494 1147 1572 breviter
1174 1496 1225 1571 bie

156 1614 266 1689 modo
283 1613 488 1713 tetigimus,
509 1629 546 1686 et
562 1613 607 1687 de
625 1613 791 1713 plurimis
806 1639 890 1715 quae
905 1615 1034 1687 Parnis
1047 1638 1225 1715 provene-

154 1747 244 1805 runt
270 1730 499 1804 infirmorum
521 1729 750 1820 sanitatibus,
773 1731 984 1805 Merulensis
1011 1730 1225 1806 willemus

154 1846 368 1923 venerabilis
384 1845 581 1921 monachus
596 1864 632 1920 et
654 1845 817 1921 sacerdos
836 1847 1020 1948 egregium
1042 1847 1221 1921 dictamen

154 1964 286 2053 edidit,
314 1965 351 2036 in
368 1989 443 2065 quo
458 1966 633 2037 veraciter
648 1978 684 2037 et
707 1961 909 2038 luculenter
923 1962 968 2037 de
985 1964 1095 2037 miris
1121 1988 1223 2039 ereu-

155 2079 252 2154 tibus
264 2080 309 2154 ud
319 2108 416 2154 saura
428 2107 503 2155 osso
516 2081 623 2180 gestis
638 2080 817 2155 disseruit.
831 2079 1018 2181 Phiiippus
1034 2108 1103 2156 rex
1119 2082 1222 2155 l'nn·

155 2223 282 2272 corum
302 2197 453 2271 biennio
475 2196 712 2285 febricitavit,
729 2224 795 2271 nec
812 2198 883 2271 ulla
903 2198 1137 2273 mediocrum
1151 2212 1222 2271 srte

154 2313 269 2386 senari
280 2314 415 2412 potuit.
428 2312 532 2385 Unde
541 2328 623 2410 post
634 2311 821 2386 biennium
831 2313 1088 2402 Parnasvenit,
1098 2339 1222 2417 aquam

155 2444 253 2529 tactu
270 2426 505 2526 reliquiarum
517 2428 629 2499 suncti
647 2425 775 2501 Judoci
792 2427 1050 2501 sanctiticatam
1062 2426 1176 2524 bibit,
1190 2444 1222 2505 el

155 2543 253 2617 binis
262 2542 431 2617 noctibus
442 2559 526 2618 ante
535 2560 698 2618 sanctum
711 2572 842 2645 corpus
858 2547 896 2619 in
908 2544 1143 2623 orationibus
1153 2574 1225 2649 per·

156 2661 336 2750 noctavit,
358 2659 479 2761 ibique
499 2663 688 2737 sanitatem
710 2663 837 2738 dolore
853 2680 1013 2739 cessante
1033 2692 1224 2768 recum

156 2780 223 2852 vit.
238 2780 388 2853 Sanatus
403 2795 524 2852 sutem
537 2806 601 2853 rex
616 2780 781 2856 tsolidos
798 2782 1086 2855 Pontesiensium
1105 2798 1224 2859 uncto

155 2895 296 2969 Judoco
313 2892 473 2985 obtulit,
499 2911 537 2969 ct
559 2896 737 2969 nundinas
761 2896 848 2971 feris
872 2898 978 2972 tertis
998 2900 1223 2977 Pentecoste

156 3010 328 3087 celebrari
342 3011 492 3113 singulis
506 3014 610 3087 annis
619 3011 752 3087 ibidem
763 3015 801 3087 in
817 3013 956 3089 bonose
967 3016 1086 3090 sancti
1096 3016 1221 3091 Jndooi

156 3130 303 3218 annuit,
332 3145 370 3203 et
399 3130 526 3231 regalis
556 3131 779 3204 auctoritatis
812 3133 1062 3233 praeceptione
1086 3136 1223 3211 cuns&

155 3251 259 3346 tuit(
284 3252 310 3345 ).

190 3553 230 3621 (r)
247 3548 325 3603 Nous
336 3548 447 3603 u’svons
461 3568 499 3621 pu
512 3560 658 3604 retrouver
670 3550 738 3606 dans
756 3550 795 3607 les
808 3552 957 3609 historiens
977 3553 1100 3629 inuesis
1117 3574 1221 3613 anans

156 3651 231 3696 trace
243 3639 277 3693 de
294 3658 325 3694 cc
343 3639 500 3713 pelorinage
513 3640 548 3695 dc
564 3640 693 3715 Philippu
711 3644 746 3698 1²¹
761 3646 776 3699 l
789 3644 904 3713 Parnes,
923 3646 952 3700 ni
969 3645 1005 3701 de
1024 3646 1050 3702 ls
1063 3648 1221 3705 wnoenios

156 3730 207 3803 qui
220 3748 256 3784 en
268 3730 312 3786 lut
325 3727 350 3783 la
363 3729 444 3784 suite.
458 3732 482 3784 A
497 3727 636 3795 inserite,
655 3749 726 3786 nous
738 3732 766 3787 le
778 3750 894 3789 verrens
906 3733 1108 3793 cidamum
1119 3738 1222 3811 polsi

156 3817 295 3890 plusieurs
307 3816 438 3871 maladics
449 3816 649 3875 douloureuscs
659 3831 688 3875 et
695 3820 885 3895 degodtsntes,
896 3824 982 3897 qu'on
991 3826 1111 3899 regards
1118 3842 1222 3883 som

156 3909 184 3963 le
196 3907 350 3962 cbaitimsnt
361 3905 397 3959 de
415 3923 443 3960 sa
461 3905 560 3961 liaison
572 3907 697 3965 sdnltirc
713 3932 778 3969 arec
790 3913 922 3969 bertrade
936 3914 972 3969 de
985 3916 1139 3987 Moutlort,
1155 3918 1221 3973 nats

155 3997 204 4070 qui
218 4014 253 4050 ne
271 4006 392 4067 peusem
405 3994 466 4051 esre
482 3996 653 4055 consondnes
672 4018 737 4057 avec
758 4004 782 4058 ls
800 4002 883 4059 libne
896 4006 1102 4064 interminante
1118 4007 1187 4065 dut
1200 4004 1219 4061 il

155 4087 234 4160 s'agit
249 4086 293 4141 ici.
