2768 5094
36 381 149 459 [ιη’.
167 400 230 439 oer.
249 380 338 456 1066]
434 375 549 438 LtttEtt
573 375 749 437 TERTIUS.
1074 378 1132 442 rte

45 500 213 589 tissimi,
232 512 268 571 et
285 522 443 598 quorum
469 497 615 569 uomina
640 495 871 568 historiarum
890 495 1133 570 voluminibus

45 617 158 691 iuter
183 616 472 690 bellicosissimos
497 614 741 688 commendari
766 613 899 687 decrat.
924 616 1135 690 Willermus

10 757 12 760 ’
49 761 147 809 vero
165 734 238 810 dux
255 761 384 810 eorum
402 730 595 832 praestnbat
611 734 661 805 eis
684 731 901 806 lor-titudine
918 747 954 805 et
974 733 1135 831 pruden-

10 840 14 877 ί
40 852 122 924 tia.
144 852 237 924 Nam
258 850 317 924 ille
336 849 511 924 nobiliter
526 851 724 922 exercitum
741 848 864 936 duxit,
884 849 1056 923 cohibens
1073 849 1136 924 l‘n-

50 997 162 1071 gam‚
188 969 277 1041 dans
299 968 462 1055 animos,
486 967 637 1066 periculi
662 968 801 1051 socius,
827 969 956 1066 seepius
980 959 1141 1041 clamans

10 1070 20 1109 '⁸
56 1104 99 1159 ut
120 1088 309 1174 venirent,
328 1112 437 1186 (piram
453 1084 586 1182 jubens
605 1085 669 1158 ire.
694 1085 734 1155 lu
753 1081 850 1157 bello
871 1100 942 1159 tres
964 1087 1046 1185 equi
1070 1084 1137 1157 suh

10 1185 29 1228 ’ξ
57 1231 103 1278 eo
126 1202 285 1276 confossi
312 1201 543 1289 cecidernnt3
576 1217 632 1273 ter
659 1201 718 1274 ille
746 1202 947 1300 intrepidus
972 1202 1136 1290 desiluit,

10 1302 29 1339 ¹
59 1349 128 1395 nec
151 1321 215 1394 din
237 1346 336 1393 mors
359 1320 512 1394 vectoris
533 1319 646 1411 inulta
670 1321 854 1392 remansit.
875 1321 1003 1409 Scuta,
1024 1323 1138 1421 galeas

10 1420 28 1465 ¹
58 1455 96 1513 et
112 1439 240 1513 loricas
257 1440 349 1511 irato
364 1463 559 1525 mucrone,
575 1463 788 1538 moramque
801 1437 1017 1538 dedignante
1032 1465 1140 1538 pene·

10 1540 25 1583 ²
61 1557 199 1647 travit,
219 1554 421 1655 clypeoque
450 1580 515 1626 sno
536 1554 735 1627 nonnullos
757 1554 911 1643 collisit,
936 1557 1141 1657 auxilioque

10 1692 20 1701 “
62 1672 189 1746 multis
212 1698 361 1745 snorum
388 1687 495 1771 atque
520 1671 623 1743 saluti
637 1724 647 1756 ,
677 1671 769 1742 sicut
789 1698 807 1744 e
831 1686 956 1745 eontra
975 1670 1139 1746 hostibus

64 1791 258 1891 perniciei,
276 1789 360 1862 luit.

113 1908 169 1981 hb
182 1909 270 1982 hora
281 1908 351 1982 diei
363 1911 466 1982 tertia
480 1909 756 1981 bellnmacriter
773 1911 1003 1983 commissum
1015 1925 1088 1999 est,
1103 1929 1141 1984 et

62 2031 99 2100 iu
126 2028 247 2126 primo
265 2026 424 2099 rnilitum
451 2052 644 2125 congressu
663 2024 836 2099 lleraldus
853 2054 915 2099 rex
933 2044 1141 2128 peremptus

60 2158 116 2216 est
130 2146 198 2243 (r).
220 2143 356 2217 Deinde
374 2143 584 2217 leofwinus
597 2168 717 2215 comes
734 2141 847 2215 lrater
859 2147 934 2242 ejus
950 2170 1033 2216 cum
1049 2144 1142 2217 mul·

63 2259 279 2333 tismillibus
291 2260 398 2333 simili
412 2259 711 2333 sortedesnnctus
721 2274 785 2333 est.
798 2261 1142 2360 Deniqucincliuatr

57 2386 135 2479 jam
158 2380 243 2475 die,
273 2379 433 2453 ridentes
456 2379 563 2479 Angli
592 2379 690 2479 quod
715 2407 776 2452 rex
800 2406 884 2450 suns
912 2395 949 2454 et
972 2382 1142 2479 primates

60 2500 163 2598 regni
176 2554 187 2589 ‚
199 2496 398 2598 multaeqne
411 2496 570 2597 legiones
585 2523 734 2571 suorum
750 2497 975 2584 interierint,
992 2516 1028 2572 et
1040 2499 1140 2600 qnod

60 2614 266 2689 hermanni
290 2611 406 2686 adhuc
427 2615 630 2712 procaciter
649 2614 836 2699 steterint,
865 2631 902 2686 et
929 2613 1142 2691 terribiliter

59 2733 172 2804 armis
191 2733 228 2804 in
243 2729 428 2806 obstantes
441 2731 644 2817 soerierint,
663 2733 699 2803 in
716 2729 836 2829 lugam
852 2735 1013 2805 conversi
1029 2760 1141 2834 quim·

61 2849 180 2921 tocius
203 2845 390 2934 abierunt,
411 2861 447 2919 et
467 2863 617 2919 eventus
641 2848 759 2920 varios
779 2848 918 2944 experti
945 2864 1043 2920 sunt.
1067 2849 1139 2922 dlii

60 2964 175 3062 raptis
193 2962 313 3063 equis,
337 2962 505 3034 nonnulli
527 2961 664 3062 pedites
682 2988 764 3060 pars
782 2988 847 3059 per
865 2963 958 3052 rias,
976 2963 1140 3066 plerique

61 3108 129 3180 per
145 3081 220 3152 aria
250 3106 322 3152 sese
341 3079 474 3152 salvare
497 3081 616 3151 conati
640 3095 738 3152 sunt.
767 3079 970 3152 Normanni
997 3097 1138 3171 autem,

59 3199 148 3269 durn
182 3198 321 3297 iluglos
351 3197 473 3296 lugere
505 3197 692 3283 viderunt,
723 3211 796 3269 tota
827 3215 933 3270 noete
957 3196 1139 3272 dominica

60 3346 123 3385 eos
141 3314 184 3385 ad
206 3316 258 3386 sui
280 3313 541 3387 detrimentum
561 3312 695 3386 obnixe
718 3316 893 3410 persecuti
922 3331 1020 3385 sunt.
1047 3315 1137 3388 Nam

60 3450 263 3505 crescentes
291 3430 413 3505 herlus
443 3433 635 3531 antiquum
664 3456 828 3527 aggerem
854 3432 1045 3530 tegebant,
1077 3431 1138 3505 ubi

91 3581 350 3591 0--0-0-.--.-›·
391 3580 396 3586 ·
635 3578 641 3586 ι
803 3580 807 3585 -
927 3579 970 3587 -οι
1005 3580 1022 3588 ρ
1066 3580 1141 3591 .-—-

99 3644 215 3711 llugues
229 3641 265 3694 dr
277 3641 502 3704 emereamur

96 3731 261 3785 tiuillaume
273 3730 309 3785 de
325 3731 485 3793 l'arruues,
500 3731 609 3782 ensuite
621 3739 712 3783 currite
722 3727 756 3784 de
766 3730 877 3801 surrey.

97 3826 138 3890 (ι)
156 3823 221 3877 Ceri
242 3831 282 3874 αι
304 3838 359 3874 nne
379 3823 487 3893 insigne
509 3836 616 3872 rrrrur.
641 3817 662 3872 ll
685 3829 729 3872 est
748 3818 990 3874 uuirersellerurut
1014 3839 1137 3880 mortun

59 3907 216 3984 qn'llarold
230 3908 319 3962 uelut
333 3909 433 3961 atteiut
446 3907 530 3960 d'nur
545 3907 632 3960 llr‘cbe
643 3911 658 3959 ἰ
670 3906 694 3959 la
708 3917 800 3979 tempe
812 3926 848 3960 ou
863 3911 877 3960 'a
892 3907 956 3961 l'rril
968 3911 1097 3983 qn'aprln
1112 3912 1138 3967 le

60 4000 185 4053 concher
194 3997 234 4051 du
245 3996 331 4051 solcil.
349 3997 388 4051 En
402 3996 553 4068 generales·
564 3997 632 4049 neit
647 3995 682 4048 dc
695 3994 719 4048 ta
735 3996 846 4050 llataille
858 3995 1019 4068 ‹l'llastiugr
1028 4011 1069 4053 est
1084 4020 1136 4073 pru

61 4090 229 4143 utubitaut
246 4099 275 4143 et
295 4087 360 4142 lneu
375 4089 518 4153 inlusione,
540 4089 592 4140 solt
607 4105 642 4139 au
657 4085 765 4140 tableau
781 4086 863 4159 qn'ru
877 4091 948 4140 erait
967 4094 1041 4142 uice
1053 4089 1137 4143 liuil-

60 4184 155 4233 tanrue
166 4177 201 4232 dc
214 4177 346 4243 l’oitiers,
362 4180 476 4235 scitans
487 4176 585 4232 details
598 4178 813 4231 circonstanciis
828 4174 933 4231 [omnis
944 4195 993 4250 par
1003 4177 1138 4253 ‹pulpis-s

59 4280 158 4326 autres
172 4269 335 4325 historicus.
