<?xml version="1.0" encoding="UTF-8"?>
<!DOCTYPE html PUBLIC "-//W3C//DTD XHTML 1.0 Transitional//EN"
    "http://www.w3.org/TR/xhtml1/DTD/xhtml1-transitional.dtd">
<html xmlns="http://www.w3.org/1999/xhtml" xml:lang="en" lang="en">
 <head>
  <title>
</title>
<meta http-equiv="Content-Type" content="text/html;charset=utf-8" />
  <meta name='ocr-system' content='tesseract 3.04.00' />
  <meta name='ocr-capabilities' content='ocr_page ocr_carea ocr_par ocr_line ocrx_word'/>
</head>
<body>
  <div class='ocr_page' id='page_1' title='image "./ordericivitalis06deligoog/ordericivitalis06deligoog_0249.png"; bbox 0 0 2768 5094; ppageno 0'>
   <div class='ocr_carea' id='block_1_1' title="bbox 270 377 1335 457">
    <p class='ocr_par' dir='ltr' id='par_1_1' title="bbox 270 377 1335 457">
     <span class='ocr_line' id='line_1_1' title="bbox 270 377 1335 457; baseline 0.014 -30"><span class='ocrx_word' id='word_1_1' title='bbox 270 384 330 443; x_wconf 61' lang='lat'>»236</span> <span class='ocrx_word' id='word_1_2' title='bbox 545 377 729 439; x_wconf 78' lang='lat' dir='ltr'>HISTORIA</span> <span class='ocrx_word' id='word_1_3' title='bbox 752 377 1057 440; x_wconf 67' lang='lat' dir='ltr'>Ecctt&#39;sttsttcn.</span> <span class='ocrx_word' id='word_1_4' title='bbox 1243 384 1335 457; x_wconf 55' lang='lat' dir='ltr'>{ton}</span> 
     </span>
    </p>
   </div>
   <div class='ocr_carea' id='block_1_2' title="bbox 267 496 1339 3399">
    <p class='ocr_par' dir='ltr' id='par_1_2' title="bbox 267 496 1339 2466">
     <span class='ocr_line' id='line_1_2' title="bbox 271 496 1338 586; baseline 0 -13"><span class='ocrx_word' id='word_1_5' title='bbox 271 499 531 573; x_wconf 80' lang='lat' dir='ltr'>Nonnanniam</span> <span class='ocrx_word' id='word_1_6' title='bbox 546 524 565 569; x_wconf 88' lang='lat' dir='ltr'>a</span> <span class='ocrx_word' id='word_1_7' title='bbox 582 499 654 570; x_wconf 83' lang='lat' dir='ltr'>suis</span> <span class='ocrx_word' id='word_1_8' title='bbox 670 496 830 571; x_wconf 88' lang='lat' dir='ltr'>delatum</span> <span class='ocrx_word' id='word_1_9' title='bbox 847 514 921 586; x_wconf 81' lang='lat' dir='ltr'>est,</span> <span class='ocrx_word' id='word_1_10' title='bbox 942 512 978 573; x_wconf 89' lang='lat' dir='ltr'>ct</span> <span class='ocrx_word' id='word_1_11' title='bbox 999 499 1038 571; x_wconf 90' lang='lat' dir='ltr'>in</span> <span class='ocrx_word' id='word_1_12' title='bbox 1056 496 1241 575; x_wconf 79' lang='lat' dir='ltr'>coettobio</span> <span class='ocrx_word' id='word_1_13' title='bbox 1259 498 1338 573; x_wconf 69' lang='grc' dir='ltr'>(ὶω-</span> 
     </span>
     <span class='ocr_line' id='line_1_3' title="bbox 271 613 1339 714; baseline 0.003 -26"><span class='ocrx_word' id='word_1_14' title='bbox 271 614 433 689; x_wconf 88' lang='lat' dir='ltr'>mclicnsi</span> <span class='ocrx_word' id='word_1_15' title='bbox 448 639 530 686; x_wconf 88' lang='lat' dir='ltr'>cum</span> <span class='ocrx_word' id='word_1_16' title='bbox 547 639 680 714; x_wconf 83' lang='lat' dir='ltr'>magno</span> <span class='ocrx_word' id='word_1_17' title='bbox 694 637 844 687; x_wconf 86' lang='lat' dir='ltr'>suorum</span> <span class='ocrx_word' id='word_1_18' title='bbox 859 614 962 687; x_wconf 85' lang='lat' dir='ltr'>luctu</span> <span class='ocrx_word' id='word_1_19' title='bbox 978 613 1165 713; x_wconf 89' lang='lat' dir='ltr'>sepultum</span> <span class='ocrx_word' id='word_1_20' title='bbox 1182 630 1255 689; x_wconf 85' lang='lat' dir='ltr'>cst.</span> <span class='ocrx_word' id='word_1_21' title='bbox 1270 617 1339 691; x_wconf 71' lang='lat' dir='ltr'>nm</span> 
     </span>
     <span class='ocr_line' id='line_1_4' title="bbox 271 728 1339 831; baseline 0.003 -27"><span class='ocrx_word' id='word_1_22' title='bbox 271 732 406 831; x_wconf 85' lang='lat' dir='ltr'>quippe</span> <span class='ocrx_word' id='word_1_23' title='bbox 422 728 591 804; x_wconf 84' lang='lat' dir='ltr'>coenobia</span> <span class='ocrx_word' id='word_1_24' title='bbox 608 728 870 805; x_wconf 88' lang='lat' dir='ltr'>monachorum</span> <span class='ocrx_word' id='word_1_25' title='bbox 885 731 923 803; x_wconf 91' lang='lat' dir='ltr'>iu</span> <span class='ocrx_word' id='word_1_26' title='bbox 940 756 1006 805; x_wconf 83' lang='lat' dir='ltr'>suo</span> <span class='ocrx_word' id='word_1_27' title='bbox 1020 732 1253 830; x_wconf 78' lang='lat' dir='ltr'>patrimonio</span> <span class='ocrx_word' id='word_1_28' title='bbox 1264 758 1339 807; x_wconf 88' lang='lat' dir='ltr'>oon·</span> 
     </span>
     <span class='ocr_line' id='line_1_5' title="bbox 270 828 1337 948; baseline 0.002 -29"><span class='ocrx_word' id='word_1_29' title='bbox 270 862 451 920; x_wconf 79' lang='lat' dir='ltr'>struxerat</span> <span class='ocrx_word' id='word_1_30' title='bbox 483 828 690 921; x_wconf 66' lang='lat' dir='ltr'>in&#39;bonore</span> <span class='ocrx_word' id='word_1_31' title='bbox 725 862 859 921; x_wconf 80' lang='lat' dir='ltr'>sanctae</span> <span class='ocrx_word' id='word_1_32' title='bbox 893 847 956 922; x_wconf 87' lang='lat' dir='ltr'>Dei</span> <span class='ocrx_word' id='word_1_33' title='bbox 985 848 1179 948; x_wconf 78' lang='lat' dir='ltr'>genitricis</span> <span class='ocrx_word' id='word_1_34' title='bbox 1211 850 1337 923; x_wconf 71' lang='lat' dir='ltr'>Merite.</span> 
     </span>
     <span class='ocr_line' id='line_1_6' title="bbox 274 963 1338 1064; baseline 0.002 -26"><span class='ocrx_word' id='word_1_35' title='bbox 274 964 398 1039; x_wconf 89' lang='lat' dir='ltr'>Unum</span> <span class='ocrx_word' id='word_1_36' title='bbox 414 963 561 1064; x_wconf 89' lang='lat' dir='ltr'>quidem</span> <span class='ocrx_word' id='word_1_37' title='bbox 583 980 661 1037; x_wconf 89' lang='lat' dir='ltr'>erat</span> <span class='ocrx_word' id='word_1_38' title='bbox 681 965 776 1037; x_wconf 84' lang='lat' dir='ltr'>Lirae</span> <span class='ocrx_word' id='word_1_39' title='bbox 796 964 895 1039; x_wconf 77' lang='lat' dir='ltr'>sc&#39;cns</span> <span class='ocrx_word' id='word_1_40' title='bbox 916 964 1072 1039; x_wconf 81' lang='lat' dir='ltr'>Riselam</span> <span class='ocrx_word' id='word_1_41' title='bbox 1086 964 1270 1055; x_wconf 84' lang='lat' dir='ltr'>fluvium,</span> <span class='ocrx_word' id='word_1_42' title='bbox 1286 966 1338 1039; x_wconf 86' lang='lat' dir='ltr'>nbi</span> 
     </span>
     <span class='ocr_line' id='line_1_7' title="bbox 272 1080 1337 1179; baseline 0.008 -28"><span class='ocrx_word' id='word_1_43' title='bbox 272 1080 414 1155; x_wconf 80' lang='lat' dir='ltr'>Adeliza</span> <span class='ocrx_word' id='word_1_44' title='bbox 431 1106 527 1155; x_wconf 83' lang='lat' dir='ltr'>uxor</span> <span class='ocrx_word' id='word_1_45' title='bbox 541 1083 616 1179; x_wconf 77' lang='lat' dir='ltr'>ejus</span> <span class='ocrx_word' id='word_1_46' title='bbox 633 1080 807 1153; x_wconf 86' lang='lat' dir='ltr'>tumulata</span> <span class='ocrx_word' id='word_1_47' title='bbox 825 1098 878 1155; x_wconf 87' lang='lat' dir='ltr'>est</span> <span class='ocrx_word' id='word_1_48' title='bbox 888 1110 899 1170; x_wconf 85' lang='lat'>;</span> <span class='ocrx_word' id='word_1_49' title='bbox 918 1081 1015 1155; x_wconf 85' lang='lat' dir='ltr'>aliud</span> <span class='ocrx_word' id='word_1_50' title='bbox 1029 1108 1119 1156; x_wconf 83' lang='lat' dir='ltr'>vem</span> <span class='ocrx_word' id='word_1_51' title='bbox 1135 1082 1337 1171; x_wconf 77' lang='lat' dir='ltr'>cometi&#39;u,</span> 
     </span>
     <span class='ocr_line' id='line_1_8' title="bbox 273 1197 1338 1297; baseline 0.005 -26"><span class='ocrx_word' id='word_1_52' title='bbox 273 1199 336 1271; x_wconf 86' lang='lat' dir='ltr'>ubi</span> <span class='ocrx_word' id='word_1_53' title='bbox 357 1200 430 1297; x_wconf 83' lang='lat' dir='ltr'>ipse</span> <span class='ocrx_word' id='word_1_54' title='bbox 447 1199 504 1297; x_wconf 87' lang='lat' dir='ltr'>(ut</span> <span class='ocrx_word' id='word_1_55' title='bbox 522 1198 693 1295; x_wconf 82' lang='lat' dir='ltr'>diximus)</span> <span class='ocrx_word' id='word_1_56' title='bbox 709 1197 877 1271; x_wconf 80' lang='lat' dir='ltr'>conditus·</span> <span class='ocrx_word' id='word_1_57' title='bbox 890 1215 944 1273; x_wconf 87' lang='lat' dir='ltr'>est</span> <span class='ocrx_word' id='word_1_58' title='bbox 956 1200 1023 1295; x_wconf 87' lang='grc' dir='ltr'>(ι).</span> <span class='ocrx_word' id='word_1_59' title='bbox 1042 1198 1338 1275; x_wconf 84' lang='lat' dir='ltr'>Normanuorun</span> 
     </span>
     <span class='ocr_line' id='line_1_9' title="bbox 272 1313 1337 1419; baseline 0.005 -32"><span class='ocrx_word' id='word_1_60' title='bbox 272 1317 471 1389; x_wconf 81' lang='lat' dir='ltr'>maximum</span> <span class='ocrx_word' id='word_1_61' title='bbox 493 1316 703 1389; x_wconf 73' lang='lat' dir='ltr'>strenuitate</span> <span class='ocrx_word' id='word_1_62' title='bbox 727 1313 901 1389; x_wconf 75' lang='lat' dir='ltr'>baronem</span> <span class='ocrx_word' id='word_1_63' title='bbox 923 1316 1024 1407; x_wconf 82' lang='lat' dir='ltr'>valde</span> <span class='ocrx_word' id='word_1_64' title='bbox 1045 1344 1178 1392; x_wconf 86' lang='lat' dir='ltr'>omnes</span> <span class='ocrx_word' id='word_1_65' title='bbox 1200 1318 1337 1419; x_wconf 78' lang='lat' dir='ltr'>planxe-</span> 
     </span>
     <span class='ocr_line' id='line_1_10' title="bbox 273 1416 1338 1535; baseline 0.005 -31"><span class='ocrx_word' id='word_1_66' title='bbox 273 1448 382 1520; x_wconf 83' lang='lat' dir='ltr'>runt,</span> <span class='ocrx_word' id='word_1_67' title='bbox 407 1416 471 1532; x_wconf 59' lang='lat' dir='ltr'>isui</span> <span class='ocrx_word' id='word_1_68' title='bbox 495 1432 676 1532; x_wconf 81' lang='lat' dir='ltr'>largitates</span> <span class='ocrx_word' id='word_1_69' title='bbox 701 1436 776 1531; x_wconf 85' lang='lat' dir='ltr'>ejus</span> <span class='ocrx_word' id='word_1_70' title='bbox 799 1449 836 1507; x_wconf 87' lang='lat' dir='ltr'>et</span> <span class='ocrx_word' id='word_1_71' title='bbox 861 1432 1005 1507; x_wconf 84' lang='lat' dir='ltr'>facetias</span> <span class='ocrx_word' id='word_1_72' title='bbox 1029 1451 1141 1535; x_wconf 82' lang='lat' dir='ltr'>atque</span> <span class='ocrx_word' id='word_1_73' title='bbox 1164 1434 1338 1509; x_wconf 74' lang='lat' dir='ltr'>miranda</span> 
     </span>
     <span class='ocr_line' id='line_1_11' title="bbox 274 1544 1337 1649; baseline 0.002 -28"><span class='ocrx_word' id='word_1_74' title='bbox 274 1546 472 1645; x_wconf 76' lang='lat' dir='ltr'>probitates</span> <span class='ocrx_word' id='word_1_75' title='bbox 490 1563 684 1621; x_wconf 84' lang='lat' dir='ltr'>noverunt.</span> <span class='ocrx_word' id='word_1_76' title='bbox 704 1544 901 1621; x_wconf 66' lang='lat' dir='ltr'>Haereditas</span> <span class='ocrx_word' id='word_1_77' title='bbox 920 1552 994 1647; x_wconf 80' lang='lat' dir='ltr'>ejus</span> <span class='ocrx_word' id='word_1_78' title='bbox 1009 1574 1029 1621; x_wconf 87' lang='lat' dir='ltr'>a</span> <span class='ocrx_word' id='word_1_79' title='bbox 1046 1576 1131 1649; x_wconf 82' lang='lat' dir='ltr'>rege</span> <span class='ocrx_word' id='word_1_80' title='bbox 1146 1550 1337 1631; x_wconf 71' lang='lat' dir='ltr'>Guilhino</span> 
     </span>
     <span class='ocr_line' id='line_1_12' title="bbox 272 1664 1338 1766; baseline 0.005 -28"><span class='ocrx_word' id='word_1_81' title='bbox 272 1666 355 1738; x_wconf 79' lang='lat' dir='ltr'>tiliis</span> <span class='ocrx_word' id='word_1_82' title='bbox 374 1669 450 1764; x_wconf 84' lang='lat' dir='ltr'>ejus</span> <span class='ocrx_word' id='word_1_83' title='bbox 465 1664 656 1737; x_wconf 86' lang='lat' dir='ltr'>distributa</span> <span class='ocrx_word' id='word_1_84' title='bbox 673 1680 738 1738; x_wconf 87' lang='lat' dir='ltr'>cst.</span> <span class='ocrx_word' id='word_1_85' title='bbox 757 1664 969 1739; x_wconf 86' lang='lat' dir='ltr'>Willelmus</span> <span class='ocrx_word' id='word_1_86' title='bbox 985 1670 1100 1766; x_wconf 85' lang='lat' dir='ltr'>major</span> <span class='ocrx_word' id='word_1_87' title='bbox 1114 1684 1209 1741; x_wconf 86' lang='lat' dir='ltr'>natu</span> <span class='ocrx_word' id='word_1_88' title='bbox 1225 1670 1338 1743; x_wconf 84' lang='lat' dir='ltr'>Brito-</span> 
     </span>
     <span class='ocr_line' id='line_1_13' title="bbox 271 1781 1335 1884; baseline 0.007 -32"><span class='ocrx_word' id='word_1_89' title='bbox 271 1781 362 1853; x_wconf 86' lang='lat' dir='ltr'>lium</span> <span class='ocrx_word' id='word_1_90' title='bbox 392 1797 430 1854; x_wconf 85' lang='lat' dir='ltr'>ct</span> <span class='ocrx_word' id='word_1_91' title='bbox 453 1782 621 1855; x_wconf 80' lang='lat' dir='ltr'>Paccium</span> <span class='ocrx_word' id='word_1_92' title='bbox 648 1784 727 1877; x_wconf 82' lang='lat'><strong>(2),</strong></span> <span class='ocrx_word' id='word_1_93' title='bbox 762 1798 798 1855; x_wconf 90' lang='lat' dir='ltr'>ct</span> <span class='ocrx_word' id='word_1_94' title='bbox 827 1782 1002 1882; x_wconf 85' lang='lat' dir='ltr'>reliquam</span> <span class='ocrx_word' id='word_1_95' title='bbox 1032 1798 1176 1884; x_wconf 85' lang='lat' dir='ltr'>partem</span> <span class='ocrx_word' id='word_1_96' title='bbox 1203 1784 1335 1883; x_wconf 78' lang='lat' dir='ltr'>paterni</span> 
     </span>
     <span class='ocr_line' id='line_1_14' title="bbox 267 1896 1335 1997; baseline 0.004 -27"><span class='ocrx_word' id='word_1_97' title='bbox 267 1900 359 1997; x_wconf 84' lang='lat' dir='ltr'>juris</span> <span class='ocrx_word' id='word_1_98' title='bbox 385 1900 424 1971; x_wconf 92' lang='lat' dir='ltr'>in</span> <span class='ocrx_word' id='word_1_99' title='bbox 447 1898 669 1972; x_wconf 87' lang='lat' dir='ltr'>Normannia</span> <span class='ocrx_word' id='word_1_100' title='bbox 692 1896 876 1991; x_wconf 89' lang='lat' dir='ltr'>obtinuit,</span> <span class='ocrx_word' id='word_1_101' title='bbox 900 1914 937 1972; x_wconf 91' lang='lat' dir='ltr'>et</span> <span class='ocrx_word' id='word_1_102' title='bbox 957 1900 1058 1976; x_wconf 78' lang='lat' dir='ltr'>omni</span> <span class='ocrx_word' id='word_1_103' title='bbox 1081 1900 1155 1973; x_wconf 84' lang='lat' dir='ltr'>vita</span> <span class='ocrx_word' id='word_1_104' title='bbox 1180 1926 1247 1973; x_wconf 87' lang='lat' dir='ltr'>sua</span> <span class='ocrx_word' id='word_1_105' title='bbox 1270 1900 1335 1975; x_wconf 74' lang='lat' dir='ltr'>fere</span> 
     </span>
     <span class='ocr_line' id='line_1_15' title="bbox 274 2016 1335 2129; baseline 0.004 -40"><span class='ocrx_word' id='word_1_106' title='bbox 274 2041 350 2089; x_wconf 87' lang='lat' dir='ltr'>xxx</span> <span class='ocrx_word' id='word_1_107' title='bbox 366 2017 470 2090; x_wconf 87' lang='lat' dir='ltr'>annis</span> <span class='ocrx_word' id='word_1_108' title='bbox 485 2016 616 2089; x_wconf 83' lang='lat' dir='ltr'>tenuit.</span> <span class='ocrx_word' id='word_1_109' title='bbox 635 2016 809 2117; x_wconf 83' lang='lat' dir='ltr'>Rogerius</span> <span class='ocrx_word' id='word_1_110' title='bbox 824 2032 944 2091; x_wconf 84' lang='lat' dir='ltr'>autern</span> <span class='ocrx_word' id='word_1_111' title='bbox 952 2018 1079 2115; x_wconf 89' lang='lat' dir='ltr'>junior</span> <span class='ocrx_word' id='word_1_112' title='bbox 1095 2018 1214 2129; x_wconf 66' lang='lat' dir='ltr'>frpter</span> <span class='ocrx_word' id='word_1_113' title='bbox 1230 2019 1335 2093; x_wconf 84' lang='lat' dir='ltr'>comi·</span> 
     </span>
     <span class='ocr_line' id='line_1_16' title="bbox 274 2130 1335 2233; baseline 0.007 -33"><span class='ocrx_word' id='word_1_114' title='bbox 274 2146 390 2203; x_wconf 89' lang='lat' dir='ltr'>tatum</span> <span class='ocrx_word' id='word_1_115' title='bbox 402 2132 701 2219; x_wconf 84' lang='lat' dir='ltr'>llerfordensem,</span> <span class='ocrx_word' id='word_1_116' title='bbox 717 2146 908 2231; x_wconf 86' lang='lat' dir='ltr'>totumque</span> <span class='ocrx_word' id='word_1_117' title='bbox 919 2130 1076 2205; x_wconf 81' lang='lat' dir='ltr'>fundunt</span> <span class='ocrx_word' id='word_1_118' title='bbox 1085 2133 1203 2233; x_wconf 88' lang='lat' dir='ltr'>patris</span> <span class='ocrx_word' id='word_1_119' title='bbox 1220 2134 1259 2207; x_wconf 89' lang='lat' dir='ltr'>in</span> <span class='ocrx_word' id='word_1_120' title='bbox 1270 2132 1335 2207; x_wconf 76' lang='lat' dir='ltr'>An·</span> 
     </span>
     <span class='ocr_line' id='line_1_17' title="bbox 272 2245 1335 2353; baseline 0.007 -36"><span class='ocrx_word' id='word_1_121' title='bbox 272 2247 342 2345; x_wconf 83' lang='lat' dir='ltr'>glia</span> <span class='ocrx_word' id='word_1_122' title='bbox 355 2245 534 2334; x_wconf 89' lang='lat' dir='ltr'>obtinuit;</span> <span class='ocrx_word' id='word_1_123' title='bbox 554 2246 615 2321; x_wconf 87' lang='lat' dir='ltr'>sed</span> <span class='ocrx_word' id='word_1_124' title='bbox 627 2247 735 2345; x_wconf 86' lang='lat' dir='ltr'>paulo</span> <span class='ocrx_word' id='word_1_125' title='bbox 748 2262 830 2344; x_wconf 77' lang='lat' dir='ltr'>pest</span> <span class='ocrx_word' id='word_1_126' title='bbox 841 2264 992 2353; x_wconf 79' lang='lat' dir='ltr'>prqpter</span> <span class='ocrx_word' id='word_1_127' title='bbox 1003 2248 1194 2347; x_wconf 73' lang='lat' dir='ltr'>perfidiam</span> <span class='ocrx_word' id='word_1_128' title='bbox 1211 2266 1335 2353; x_wconf 76' lang='lat' dir='ltr'>etpro</span> 
     </span>
     <span class='ocr_line' id='line_1_18' title="bbox 274 2363 1333 2466; baseline 0.003 -32"><span class='ocrx_word' id='word_1_129' title='bbox 274 2365 423 2436; x_wconf 86' lang='lat' dir='ltr'>tcrviam</span> <span class='ocrx_word' id='word_1_130' title='bbox 437 2389 537 2436; x_wconf 89' lang='lat' dir='ltr'>snam</span> <span class='ocrx_word' id='word_1_131' title='bbox 551 2365 610 2458; x_wconf 91' lang='lat' dir='ltr'>(ut</span> <span class='ocrx_word' id='word_1_132' title='bbox 623 2364 660 2434; x_wconf 91' lang='lat' dir='ltr'>in</span> <span class='ocrx_word' id='word_1_133' title='bbox 673 2363 906 2462; x_wconf 87' lang='lat' dir='ltr'>sequentibus</span> <span class='ocrx_word' id='word_1_134' title='bbox 918 2363 1333 2466; x_wconf 67' lang='lat' dir='ltr'>enodabituryperdidit.</span> 
     </span>
    </p>

    <p class='ocr_par' dir='ltr' id='par_1_3' title="bbox 269 2477 1336 3399">
     <span class='ocr_line' id='line_1_19' title="bbox 323 2477 1335 2581; baseline 0.004 -30"><span class='ocrx_word' id='word_1_135' title='bbox 323 2481 468 2577; x_wconf 73' lang='lat' dir='ltr'>Reginae</span> <span class='ocrx_word' id='word_1_136' title='bbox 491 2477 656 2551; x_wconf 80' lang='lat' dir='ltr'>blatbildi</span> <span class='ocrx_word' id='word_1_137' title='bbox 679 2478 784 2575; x_wconf 90' lang='lat' dir='ltr'>(licet</span> <span class='ocrx_word' id='word_1_138' title='bbox 800 2496 970 2577; x_wconf 86' lang='lat' dir='ltr'>potenter</span> <span class='ocrx_word' id='word_1_139' title='bbox 992 2494 1162 2581; x_wconf 63' lang='lat' dir='ltr'>regnaret</span> <span class='ocrx_word' id='word_1_140' title='bbox 1179 2498 1221 2557; x_wconf 92' lang='lat' dir='ltr'>et</span> <span class='ocrx_word' id='word_1_141' title='bbox 1237 2482 1335 2559; x_wconf 85' lang='lat' dir='ltr'>inuu-</span> 
     </span>
     <span class='ocr_line' id='line_1_20' title="bbox 271 2592 1336 2703; baseline 0.007 -38"><span class='ocrx_word' id='word_1_142' title='bbox 271 2595 379 2665; x_wconf 86' lang='lat' dir='ltr'>meris</span> <span class='ocrx_word' id='word_1_143' title='bbox 399 2592 529 2692; x_wconf 86' lang='lat' dir='ltr'>opibus</span> <span class='ocrx_word' id='word_1_144' title='bbox 550 2592 768 2692; x_wconf 81' lang='lat' dir='ltr'>abundaret)</span> <span class='ocrx_word' id='word_1_145' title='bbox 800 2596 917 2670; x_wconf 84' lang='lat' dir='ltr'>luctus</span> <span class='ocrx_word' id='word_1_146' title='bbox 942 2598 1067 2699; x_wconf 78' lang='lat' dir='ltr'>ingens</span> <span class='ocrx_word' id='word_1_147' title='bbox 1090 2614 1197 2673; x_wconf 88' lang='lat' dir='ltr'>ortus</span> <span class='ocrx_word' id='word_1_148' title='bbox 1221 2596 1336 2703; x_wconf 71' lang='lat' dir='ltr'>cttde</span> 
     </span>
     <span class='ocr_line' id='line_1_21' title="bbox 271 2708 1336 2808; baseline 0.006 -27"><span class='ocrx_word' id='word_1_149' title='bbox 271 2726 389 2781; x_wconf 84' lang='lat' dir='ltr'>morte</span> <span class='ocrx_word' id='word_1_150' title='bbox 415 2714 546 2808; x_wconf 84' lang='lat' dir='ltr'>patris,</span> <span class='ocrx_word' id='word_1_151' title='bbox 574 2708 618 2783; x_wconf 89' lang='lat' dir='ltr'>de</span> <span class='ocrx_word' id='word_1_152' title='bbox 643 2709 863 2787; x_wconf 83' lang='lat' dir='ltr'>desolatione</span> <span class='ocrx_word' id='word_1_153' title='bbox 887 2714 1033 2802; x_wconf 85' lang='lat' dir='ltr'>matris,</span> <span class='ocrx_word' id='word_1_154' title='bbox 1056 2712 1102 2788; x_wconf 84' lang='lat' dir='ltr'>de</span> <span class='ocrx_word' id='word_1_155' title='bbox 1127 2712 1336 2789; x_wconf 74' lang='lat' dir='ltr'>crudelitate</span> 
     </span>
     <span class='ocr_line' id='line_1_22' title="bbox 271 2826 1336 2931; baseline 0.004 -34"><span class='ocrx_word' id='word_1_156' title='bbox 271 2826 379 2897; x_wconf 86' lang='lat' dir='ltr'>unius</span> <span class='ocrx_word' id='word_1_157' title='bbox 395 2826 535 2918; x_wconf 83' lang='lat' dir='ltr'>fratris,</span> <span class='ocrx_word' id='word_1_158' title='bbox 549 2853 618 2926; x_wconf 86' lang='lat' dir='ltr'>qua</span> <span class='ocrx_word' id='word_1_159' title='bbox 631 2828 736 2901; x_wconf 89' lang='lat' dir='ltr'>ruina</span> <span class='ocrx_word' id='word_1_160' title='bbox 749 2826 871 2902; x_wconf 87' lang='lat' dir='ltr'>subito</span> <span class='ocrx_word' id='word_1_161' title='bbox 886 2828 977 2931; x_wconf 73' lang='lat' dir='ltr'>facti</span> <span class='ocrx_word' id='word_1_162' title='bbox 991 2844 1044 2903; x_wconf 85' lang='lat' dir='ltr'>est</span> <span class='ocrx_word' id='word_1_163' title='bbox 1055 2829 1207 2903; x_wconf 80' lang='lat' dir='ltr'>alterius</span> <span class='ocrx_word' id='word_1_164' title='bbox 1220 2830 1336 2907; x_wconf 74' lang='lat' dir='ltr'>fratris</span> 
     </span>
     <span class='ocr_line' id='line_1_23' title="bbox 270 2934 1336 3045; baseline 0.006 -30"><span class='ocrx_word' id='word_1_165' title='bbox 270 2956 306 3015; x_wconf 90' lang='lat' dir='ltr'>ct</span> <span class='ocrx_word' id='word_1_166' title='bbox 335 2942 408 3013; x_wconf 75' lang='lat' dir='ltr'>‹nt-i</span> <span class='ocrx_word' id='word_1_167' title='bbox 435 2942 576 3040; x_wconf 85' lang='lat' dir='ltr'>nepotis</span> <span class='ocrx_word' id='word_1_168' title='bbox 602 2969 684 3017; x_wconf 90' lang='lat' dir='ltr'>cnm</span> <span class='ocrx_word' id='word_1_169' title='bbox 710 2944 834 3015; x_wconf 85' lang='lat' dir='ltr'>multis</span> <span class='ocrx_word' id='word_1_170' title='bbox 856 2944 990 3017; x_wconf 86' lang='lat' dir='ltr'>amicis.</span> <span class='ocrx_word' id='word_1_171' title='bbox 1019 2945 1078 3017; x_wconf 87' lang='lat' dir='ltr'>Sic</span> <span class='ocrx_word' id='word_1_172' title='bbox 1105 2934 1336 3045; x_wconf 70' lang='lat' dir='ltr'>omnipotens</span> 
     </span>
     <span class='ocr_line' id='line_1_24' title="bbox 271 3058 1336 3163; baseline 0.007 -33"><span class='ocrx_word' id='word_1_173' title='bbox 271 3058 365 3131; x_wconf 79' lang='lat' dir='ltr'>Deus·</span> <span class='ocrx_word' id='word_1_174' title='bbox 394 3061 620 3159; x_wconf 69' lang='lat' dir='ltr'>immemores</span> <span class='ocrx_word' id='word_1_175' title='bbox 647 3062 700 3132; x_wconf 92' lang='lat' dir='ltr'>sui</span> <span class='ocrx_word' id='word_1_176' title='bbox 731 3063 924 3162; x_wconf 81' lang='lat' dir='ltr'>terrigenas</span> <span class='ocrx_word' id='word_1_177' title='bbox 950 3063 1132 3161; x_wconf 84' lang='lat' dir='ltr'>percutit,</span> <span class='ocrx_word' id='word_1_178' title='bbox 1150 3060 1336 3163; x_wconf 59' lang='lat' dir='ltr'>superbos</span> 
     </span>
     <span class='ocr_line' id='line_1_25' title="bbox 269 3176 1335 3283; baseline 0.007 -34"><span class='ocrx_word' id='word_1_179' title='bbox 269 3176 410 3276; x_wconf 81' lang='lat' dir='ltr'>dejicit,</span> <span class='ocrx_word' id='word_1_180' title='bbox 426 3192 463 3250; x_wconf 84' lang='lat' dir='ltr'>et</span> <span class='ocrx_word' id='word_1_181' title='bbox 473 3178 572 3278; x_wconf 87' lang='lat' dir='ltr'>quod</span> <span class='ocrx_word' id='word_1_182' title='bbox 588 3178 965 3273; x_wconf 66' lang='lat' dir='ltr'>domineturexceisus</span> <span class='ocrx_word' id='word_1_183' title='bbox 981 3190 1089 3283; x_wconf 84' lang='lat' dir='ltr'>super</span> <span class='ocrx_word' id='word_1_184' title='bbox 1105 3206 1258 3255; x_wconf 90' lang='lat' dir='ltr'>omnem</span> <span class='ocrx_word' id='word_1_185' title='bbox 1273 3196 1335 3255; x_wconf 82' lang='lat' dir='ltr'>ter·</span> 
     </span>
     <span class='ocr_line' id='line_1_26' title="bbox 270 3282 1332 3399; baseline 0.004 -32"><span class='ocrx_word' id='word_1_186' title='bbox 270 3320 345 3367; x_wconf 87' lang='lat' dir='ltr'>ram</span> <span class='ocrx_word' id='word_1_187' title='bbox 373 3294 488 3369; x_wconf 87' lang='lat' dir='ltr'>lucide</span> <span class='ocrx_word' id='word_1_188' title='bbox 508 3296 678 3371; x_wconf 86' lang='lat' dir='ltr'>ostendit.</span> <span class='ocrx_word' id='word_1_189' title='bbox 705 3282 909 3371; x_wconf 72' lang='lat' dir='ltr'>Rodbcrtus¹</span> <span class='ocrx_word' id='word_1_190' title='bbox 933 3299 1054 3399; x_wconf 85' lang='lat' dir='ltr'>itaque</span> <span class='ocrx_word' id='word_1_191' title='bbox 1076 3300 1104 3371; x_wconf 83' lang='lat' dir='ltr'>F</span> <span class='ocrx_word' id='word_1_192' title='bbox 1106 3298 1202 3374; x_wconf 76' lang='lat' dir='ltr'>retis</span> <span class='ocrx_word' id='word_1_193' title='bbox 1223 3314 1332 3375; x_wconf 82' lang='lat' dir='ltr'>totam</span> 
     </span>
    </p>
   </div>
   <div class='ocr_carea' id='block_1_3' title="bbox 267 3602 1331 4203">
    <p class='ocr_par' dir='ltr' id='par_1_4' title="bbox 268 3602 1331 3767">
     <span class='ocr_line' id='line_1_27' title="bbox 268 3602 1331 3679; baseline 0.004 -22"><span class='ocrx_word' id='word_1_194' title='bbox 268 3604 448 3659; x_wconf 78' lang='lat' dir='ltr'>ccttivcrncut</span> <span class='ocrx_word' id='word_1_195' title='bbox 463 3606 543 3676; x_wconf 69' lang='lat' dir='ltr'>apr-cs</span> <span class='ocrx_word' id='word_1_196' title='bbox 554 3622 584 3658; x_wconf 78' lang='lat' dir='ltr'>ss</span> <span class='ocrx_word' id='word_1_197' title='bbox 596 3616 685 3671; x_wconf 82' lang='lat' dir='ltr'>mort,</span> <span class='ocrx_word' id='word_1_198' title='bbox 700 3603 792 3661; x_wconf 78' lang='lat' dir='ltr'>tandit</span> <span class='ocrx_word' id='word_1_199' title='bbox 803 3623 859 3679; x_wconf 89' lang='lat' dir='ltr'>que</span> <span class='ocrx_word' id='word_1_200' title='bbox 872 3605 898 3659; x_wconf 75' lang='grc' dir='ltr'>Ιι</span> <span class='ocrx_word' id='word_1_201' title='bbox 910 3615 970 3677; x_wconf 75' lang='lat' dir='ltr'>part</span> <span class='ocrx_word' id='word_1_202' title='bbox 984 3604 1021 3661; x_wconf 91' lang='lat' dir='ltr'>dc</span> <span class='ocrx_word' id='word_1_203' title='bbox 1032 3602 1164 3679; x_wconf 75' lang='lat' dir='ltr'>Plutippe</span> <span class='ocrx_word' id='word_1_204' title='bbox 1175 3624 1206 3663; x_wconf 80' lang='lat' dir='ltr'>se</span> <span class='ocrx_word' id='word_1_205' title='bbox 1218 3606 1331 3663; x_wconf 71' lang='lat' dir='ltr'>rcdnisit</span> 
     </span>
     <span class='ocr_line' id='line_1_28' title="bbox 269 3692 611 3767; baseline 0.006 -20"><span class='ocrx_word' id='word_1_206' title='bbox 269 3712 304 3747; x_wconf 81' lang='lat' dir='ltr'>an</span> <span class='ocrx_word' id='word_1_207' title='bbox 315 3692 474 3765; x_wconf 78' lang='lat' dir='ltr'>burgraviat</span> <span class='ocrx_word' id='word_1_208' title='bbox 486 3692 611 3767; x_wconf 74' lang='lat' dir='ltr'>d&#39;i&#39;prcs.</span> 
     </span>
    </p>

    <p class='ocr_par' dir='ltr' id='par_1_5' title="bbox 267 3782 1330 3947">
     <span class='ocr_line' id='line_1_29' title="bbox 302 3782 1330 3858; baseline 0.005 -20"><span class='ocrx_word' id='word_1_209' title='bbox 302 3786 345 3851; x_wconf 88' lang='grc' dir='ltr'>(ι)</span> <span class='ocrx_word' id='word_1_210' title='bbox 360 3784 415 3837; x_wconf 80' lang='lat' dir='ltr'>Sur</span> <span class='ocrx_word' id='word_1_211' title='bbox 427 3800 472 3837; x_wconf 75' lang='lat' dir='ltr'>ecs</span> <span class='ocrx_word' id='word_1_212' title='bbox 485 3783 558 3839; x_wconf 79' lang='lat' dir='ltr'>deux</span> <span class='ocrx_word' id='word_1_213' title='bbox 571 3786 747 3851; x_wconf 72' lang='lat' dir='ltr'>monastbrcs,</span> <span class='ocrx_word' id='word_1_214' title='bbox 759 3803 840 3858; x_wconf 75' lang='lat' dir='ltr'>noyez</span> <span class='ocrx_word' id='word_1_215' title='bbox 853 3784 989 3839; x_wconf 81' lang='lat' dir='ltr'>ci-dcssns</span> <span class='ocrx_word' id='word_1_216' title='bbox 1002 3803 1031 3857; x_wconf 93' lang='lat' dir='ltr'>p.</span> <span class='ocrx_word' id='word_1_217' title='bbox 1047 3782 1330 3852; x_wconf 64' lang='grc' dir='ltr'>14.ΛάεΙίκ,ῐωΙτ</span> 
     </span>
     <span class='ocr_line' id='line_1_30' title="bbox 267 3871 1209 3947; baseline 0.004 -24"><span class='ocrx_word' id='word_1_218' title='bbox 267 3871 302 3925; x_wconf 82' lang='lat' dir='ltr'>de</span> <span class='ocrx_word' id='word_1_219' title='bbox 314 3873 475 3927; x_wconf 82' lang='lat' dir='ltr'>Gniilanrne</span> <span class='ocrx_word' id='word_1_220' title='bbox 490 3874 706 3941; x_wconf 66' lang='lat' dir='ltr'>tiu-(taberna,</span> <span class='ocrx_word' id='word_1_221' title='bbox 718 3876 784 3929; x_wconf 77' lang='lat' dir='ltr'>ctait</span> <span class='ocrx_word' id='word_1_222' title='bbox 796 3874 849 3929; x_wconf 82' lang='lat' dir='ltr'>fille</span> <span class='ocrx_word' id='word_1_223' title='bbox 861 3874 896 3929; x_wconf 88' lang='lat' dir='ltr'>dc</span> <span class='ocrx_word' id='word_1_224' title='bbox 908 3874 1002 3947; x_wconf 72' lang='lat' dir='ltr'>Roget</span> <span class='ocrx_word' id='word_1_225' title='bbox 1012 3874 1045 3927; x_wconf 79' lang='lat' dir='ltr'>l“</span> <span class='ocrx_word' id='word_1_226' title='bbox 1057 3871 1093 3927; x_wconf 85' lang='lat' dir='ltr'>de</span> <span class='ocrx_word' id='word_1_227' title='bbox 1106 3872 1209 3929; x_wconf 79' lang='lat' dir='ltr'>Toeni.</span> 
     </span>
    </p>

    <p class='ocr_par' dir='ltr' id='par_1_6' title="bbox 268 3960 1327 4203">
     <span class='ocr_line' id='line_1_31' title="bbox 300 3960 1327 4036; baseline 0.004 -25"><span class='ocrx_word' id='word_1_228' title='bbox 300 3963 339 4027; x_wconf 75' lang='lat' dir='ltr'>(ut</span> <span class='ocrx_word' id='word_1_229' title='bbox 358 3961 584 4014; x_wconf 80' lang='lat' dir='ltr'>l&#39;a‹·i·snr··Enro.</span> <span class='ocrx_word' id='word_1_230' title='bbox 600 3962 649 4015; x_wconf 76' lang='lat' dir='ltr'>Les</span> <span class='ocrx_word' id='word_1_231' title='bbox 662 3973 755 4017; x_wconf 77' lang='lat' dir='ltr'>antro-s</span> <span class='ocrx_word' id='word_1_232' title='bbox 770 3962 935 4036; x_wconf 77' lang='lat' dir='ltr'>principales</span> <span class='ocrx_word' id='word_1_233' title='bbox 949 3964 1105 4036; x_wconf 64' lang='lat' dir='ltr'>pronitus</span> <span class='ocrx_word' id='word_1_234' title='bbox 1120 3960 1158 4017; x_wconf 84' lang='lat' dir='ltr'>dt·</span> <span class='ocrx_word' id='word_1_235' title='bbox 1172 3960 1327 4019; x_wconf 75' lang='lat' dir='ltr'>Guilbnnr</span> 
     </span>
     <span class='ocr_line' id='line_1_32' title="bbox 269 4050 1326 4121; baseline 0.002 -20"><span class='ocrx_word' id='word_1_236' title='bbox 269 4050 466 4103; x_wconf 69' lang='lat' dir='ltr'>Fur-(biunna-</span> <span class='ocrx_word' id='word_1_237' title='bbox 477 4069 512 4103; x_wconf 77' lang='lat' dir='ltr'>on</span> <span class='ocrx_word' id='word_1_238' title='bbox 529 4050 695 4106; x_wconf 65' lang='lat' dir='ltr'>bortnandir</span> <span class='ocrx_word' id='word_1_239' title='bbox 711 4056 812 4109; x_wconf 71' lang='lat' dir='ltr'>uniunt</span> <span class='ocrx_word' id='word_1_240' title='bbox 827 4050 1097 4121; x_wconf 65' lang='lat' dir='ltr'>(ilos-sons-Laigtlc.</span> <span class='ocrx_word' id='word_1_241' title='bbox 1113 4050 1139 4105; x_wconf 78' lang='lat' dir='ltr'>ic</span> <span class='ocrx_word' id='word_1_242' title='bbox 1155 4050 1326 4107; x_wconf 74' lang='lat' dir='ltr'>Pom-Saint-</span> 
     </span>
     <span class='ocr_line' id='line_1_33' title="bbox 268 4140 633 4203; baseline 0.005 -12"><span class='ocrx_word' id='word_1_243' title='bbox 268 4140 374 4197; x_wconf 72' lang='lat' dir='ltr'>Piott&#39;r.</span> <span class='ocrx_word' id='word_1_244' title='bbox 393 4140 519 4203; x_wconf 73' lang='lat' dir='ltr'>tturrnttr,</span> <span class='ocrx_word' id='word_1_245' title='bbox 538 4142 633 4193; x_wconf 55' lang='lat' dir='ltr'>{titi-vs.</span> 
     </span>
    </p>
   </div>
   <div class='ocr_carea' id='block_1_4' title="bbox 0 0 1388 5094">
    <p class='ocr_par' dir='ltr' id='par_1_7' title="bbox 0 0 1388 5094">
     <span class='ocr_line' id='line_1_34' title="bbox 0 0 1388 5094; baseline 0 0"><span class='ocrx_word' id='word_1_246' title='bbox 0 0 1388 5094; x_wconf 95' lang='lat' dir='ltr'> </span> 
     </span>
    </p>
   </div>
  </div>
 </body>
</html>
