2768 5094
185 3859 202 3913 l

262 391 320 452 184
539 387 723 447 tltsTOtttl
746 385 1052 448 ECCLESlASTlCA.
1235 391 1328 466 [1008]

259 534 507 610 quoscumque
523 523 692 607 poterant
704 532 770 606 per
784 530 910 580 omnes
924 505 1089 580 Albionis
1104 507 1287 580 terminos
1301 510 1330 580 in

260 627 380 702 hostes
408 626 499 699 clam
523 625 713 725 palamque
733 623 985 706 stimulabant,
1006 625 1066 697 Fit
1087 649 1133 698 ex
1160 649 1332 699 consentu

260 743 428 818 omnium
440 767 509 842 pro
524 739 742 815 vendicanda
756 738 923 815 libertate
937 741 1089 840 pristina
1103 766 1246 840 procax
1259 766 1334 816 oon

262 860 430 960 spiratio,
443 856 622 933 etobnixe
634 873 761 932 contra
770 858 1001 932 Normannos
1011 860 1238 958 conjuratio.
1253 860 1335 934 Exo

261 980 358 1052 ritur
381 978 419 1050 in
442 974 576 1050 finibus
596 972 954 1050 Trans-llumhranis
975 973 1170 1049 vehemens
1191 991 1335 1075 pertur-

260 1095 375 1168 batio.
407 1091 573 1168 Seditiosi
603 1091 739 1192 sylvus,
768 1089 936 1191 paludes,
972 1091 1136 1164 {estuaria
1165 1107 1208 1165 et
1237 1088 1334 1165 urhe

261 1211 402 1312 aliquot
431 1211 470 1282 in
504 1210 740 1283 munimentis
769 1206 917 1284 habent.
946 1206 1187 1283 Eboracensis
1219 1210 1334 1282 civitas

262 1327 510 1402 ardentissime
522 1325 630 1412 furit,
644 1352 753 1427 quem
767 1326 936 1399 sanctitas
949 1325 1133 1426 pontilicis
1147 1327 1205 1399 sui
1222 1326 1335 1401 sedne

263 1445 404 1544 nequit.
435 1444 558 1516 Plures
588 1443 626 1515 in
652 1438 891 1518 ubemacutis
917 1442 1175 1533 morabantnr3
1209 1445 1249 1519 in
1273 1443 1335 1518 do-
1370 1412 1375 1527 l

262 1557 401 1648 mibus,
426 1584 473 1633 ne
491 1558 763 1646 mollescerent,
785 1561 1008 1660 requiescere
1025 1558 1333 1661 dedignabuntur3

263 1674 361 1748 unde
379 1673 527 1775 quidum
544 1699 672 1748 eorum
690 1702 709 1746 a
725 1673 946 1749 Normennis
965 1676 1127 1776 sylvatici
1147 1679 1336 1777 cognomi·

262 1790 457 1865 nnbantur.

313 1911 389 1984 Rex
404 1910 515 2010 igitur
528 1892 681 1983 secessus
698 1910 800 2009 regni
820 1909 1068 2008 providentius
1084 1909 1335 2008 perlustravit,

265 2046 302 2103 et
325 2044 533 2128 opportuna
553 2028 630 2103 loca
653 2044 781 2102 contra
800 2029 1029 2103 excursiones
1051 2025 1216 2101 hostium
1242 2054 1337 2102 eom·

264 2147 436 2220 munivit.
455 2146 678 2220 Munitiones
694 2145 791 2219 enim
810 2147 914 2245 (quas
929 2146 1069 2219 castella
1085 2143 1182 2218 Gelli
1199 2172 1338 2219 nuncu·

264 2263 374 2362 pant)
394 2262 554 2362 Anglicis
575 2261 772 2361 provinciis
793 2262 1016 2360 paucissimus
1038 2260 1206 2350 fuerent3
1234 2278 1274 2335 et
1294 2259 1339 2336 ol>

264 2377 335 2453 hoc
347 2377 485 2476 Angli,
512 2376 598 2450 licet
618 2375 779 2451 bellicosi
801 2375 941 2450 suerint
965 2391 1002 2450 et
1024 2375 1193 2465 audaces,
1217 2376 1265 2451 ad
1285 2402 1340 2450 te-

265 2495 462 2569 sistendum
492 2512 611 2570 tamen
633 2495 789 2568 inimicis
812 2495 1007 2569 extiterunt
1030 2493 1239 2570 debiliores.
1267 2496 1339 2568 Rex

266 2611 387 2710 itaque
398 2626 555 2683 castrum
568 2608 663 2710 apud
674 2607 916 2683 Guarevicnm
930 2608 1093 2684 condidit
1106 2612 1122 2708 (
1129 2611 1184 2709 r),
1197 2625 1238 2684 et
1250 2609 1342 2684 Heo-

264 2727 344 2800 rico
360 2726 507 2827 Rogerii
521 2724 566 2799 de
578 2725 809 2800 Bellomonte
823 2723 900 2799 lilio
913 2727 969 2824 (2)
983 2724 1028 2799 ed
1041 2725 1259 2801 servendum
1273 2741 1344 2797 tra-

265 2840 370 2915 didit.
398 2843 503 2915 Tunc
531 2840 696 2914 Eduinus
721 2856 759 2914 et
786 2840 973 2914 Morcerus
999 2866 1084 2914 cum
1111 2842 1186 2914 suis
1212 2866 1344 2940 anceps

264 2957 382 3056 praelii
406 2955 600 3030 discrimen
626 2954 909 3056 perpendentes,
937 2972 974 3029 et
991 2981 1116 3055 paoem
1140 2953 1240 3030 bello
1265 2981 1343 3029 non

266 3073 465 3173 incongrue
495 3089 750 3174 praeponentes
778 3074 930 3173 gratiam
953 3074 1047 3174 regis
1069 3074 1278 3172 petierunt,
1307 3089 1344 3146 et

266 3190 383 3289 specie
401 3205 505 3265 tenus
526 3186 781 3264 obtinuerunt.
809 3187 946 3263 Deinde
970 3214 1035 3263 rex
1055 3184 1344 3289 snotingheham

267 3322 425 3379 castrum
444 3307 499 3405 (3)
521 3306 744 3392 construxit,
769 3320 805 3379 et
818 3304 1015 3380 Gnillelmo
1027 3303 1214 3381 Pereiello
1234 3330 1342 3380 oom-

266 3423 464 3497 mendavit.

316 3544 402 3616 llaec
424 3541 665 3616 Eboracenses
687 3556 728 3612 ut
748 3539 960 3627 audierunt,
985 3540 1198 3613 extimentes
1222 3552 1342 3611 nutu·

364 3905 399 3954 W
420 3906 467 3956 rw'
510 3947 514 3956 .

302 3909 342 4062 lii
360 3905 619 4057 mutilianum
634 3991 675 4043 [ils
690 3991 724 4044 dc
739 3990 831 4062 llogcr
844 3990 878 4046 de
894 3991 1054 4053 Bcautoonl,
1069 3999 1096 4043 ct
1110 3997 1200 4041 conrte
1210 3985 1246 4039 dc
1259 3986 1288 4035 ll
1299 4003 1343 4038 ar·

269 4083 349 4136 wicl.

302 4169 340 4240 (ὃ)
362 4172 397 4225 lc
409 4171 525 4224 chitirau
539 4169 573 4224 dc
591 4168 785 4240 Nottinghani.

682 4476 710 4516 Α
