2768 5094
136 416 231 491 soss]
502 407 618 472 num
639 407 817 469 rennos.
881 422 887 433 ·
1151 412 1192 474 er

130 530 229 603 uinis
245 528 308 603 Dei
323 527 504 613 accersiit,
519 544 674 627 eumque
690 553 759 625 pro
774 527 859 601 viro·
871 528 941 601 Dei
951 529 989 600 in
1006 529 1191 604 ecclesiam

130 646 232 719 nisit.
251 644 316 719 llle
334 669 420 718 vcro
431 658 484 716 ut
501 668 645 718 servum
669 643 734 718 Dei
757 642 972 719 defunctum
989 644 1029 717 iu
1045 645 1191 721 ecclesia

132 766 280 852 avenis,
311 763 459 836 territus
483 763 529 835 ad
549 762 767 861 ¹llntistitern
793 763 920 852 rediit,
949 778 1191 866 eventumque

131 898 342 982 mperatum
358 881 533 956 tremulus
547 880 686 955 retulit.
703 881 773 955 sed
789 881 977 982 episcopus
989 884 1108 956 virum
1125 883 1190 959 Ilei

130 1028 192 1072 am
208 997 331 1074 subito
346 998 513 1099 migrasse
530 1024 607 1073 nou
620 996 786 1087 credens,
802 999 852 1071 ait
872 1027 881 1069 z
906 999 1038 1073 Taedio
1053 1002 1189 1089 morsis,

130 1121 302 1218 u‘rnioque
314 1134 405 1190 cestu
420 1116 535 1190 bonus
547 1118 668 1189 senior
675 1115 790 1190 valde
791 1117 985 1216 fatigatus
997 1135 1050 1190 est
1054 1151 1071 1206 ,·
1085 1118 1192 1192 ideo-

130 1262 190 1335 μισ
201 1241 346 1309 nuncin
356 1233 543 1333 refrigerio
552 1235 717 1308 ecclesias
727 1233 1024 1336 supersrigidum
1034 1261 1195 1309 marmor

130 1355 225 1425 :uoci
238 1378 370 1455 sopore
384 1351 550 1424 detentus
567 1367 632 1423 est.
652 1352 795 1423 Eamus
811 1377 909 1423 nurse
925 1377 1010 1424 eum
1028 1355 1189 1425 visitare.

130 1468 253 1542 lraesul
272 1472 392 1571 itaque
405 1495 489 1542 cum
504 1468 644 1542 clericis
658 1467 729 1540 suis
748 1469 784 1540 in
800 1468 984 1541 ecclesiam
1001 1470 1188 1567 prooessit.

130 1586 189 1679 lui
219 1599 262 1658 ut
291 1610 498 1685 comparem
523 1608 628 1656 suum
651 1583 844 1683 diligenter
870 1585 1009 1684 tetigit,
1036 1610 1192 1687 eumque

130 1718 238 1775 nocte
249 1702 406 1803 gelidum
420 1702 573 1802 reperit,
587 1717 734 1799 stupens
745 1700 948 1774 condoluit.
964 1703 1049 1774 Mox
1064 1725 1191 1775 omnes

130 1822 343 1920 ›eregrinos‚
357 1822 421 1922 qui
430 1824 505 1919 jam
519 1846 585 1920 per
598 1818 734 1892 diversa
751 1817 903 1919 hospitia
917 1819 1094 1920 prandere
1107 1844 1193 1919 pro·

130 1933 313 2024 τυηδαῃῑ,
334 1937 371 2008 in
389 1936 533 2010 ecclesia
552 1936 761 2034 congregari
780 1936 972 2034 praecepit,
994 1933 1192 2034 indigenis·

130 2081 191 2154 pue
203 2052 298 2126 illius
310 2053 378 2127 loci
394 2053 504 2126 vitam
516 2051 679 2125 defuncti
691 2052 872 2152 peregrini
884 2051 1040 2125 lidelitcr
1048 2050 1188 2124 retulit.

134 2171 174 2243 lli
194 2195 281 2244 vero
293 2185 478 2270 comperta
493 2173 567 2268 ejus
585 2168 779 2268 religione,
795 2169 903 2268 gavisi
918 2184 1023 2259 sunt,
1039 2183 1075 2242 et
1090 2166 1192 2243 obse·

130 2290 201 2388 {uia
229 2315 291 2362 sua
317 2289 564 2389 impensasque
591 2286 731 2360 caeteris
759 2287 958 2386 peregrinis
984 2284 1190 2388 benigniter

130 2403 346 2478 sbtuleruut.
378 2404 514 2478 Deinde
542 2402 675 2504 praesul
707 2402 882 2478 defuncto
909 2404 1076 2505 exequias
1105 2430 1190 2485 cum

130 2522 256 2594 lericis
278 2522 351 2594 suis
373 2521 567 2622 persolvit,
594 2521 699 2622 eique
717 2520 939 2621 sepulturum
961 2537 1045 2593 ante
1067 2535 1190 2621 portas

130 2640 275 2713 cclesioe
299 2666 318 2712 a
341 2640 491 2740 reliquis
515 2640 712 2739 peregrinis
738 2636 816 2712 lieri
837 2639 956 2738 jussit.
986 2639 1041 2712 llli
1069 2656 1189 2714 autem

130 2756 255 2828 »aculis
268 2757 341 2829 suis
359 2754 419 2829 ubi
438 2755 604 2855 pontifex
621 2770 840 2856 praeceperat
855 2755 986 2829 fossam
1003 2754 1187 2845 fecerunt,

130 2874 160 2946 d
183 2873 346 2947 defuncti
372 2871 514 2970 glebam
542 2887 719 2972 praesente
748 2873 921 2945 dntistite
943 2883 1188 2963 accesserunt,

130 3008 154 3060 ·t
179 2987 323 3062 deferre
343 2988 387 3060 ad
410 2987 661 3061 tumulandum
685 2987 894 3062 voluerunt.
921 2987 990 3060 Sed
1014 3004 1107 3061 nutu
1126 2989 1189 3065 uei

135 3122 167 3176 to
186 3132 318 3205 corpus
332 3119 561 3206 aggravatum
577 3121 652 3195 est,
669 3120 710 3176 ut
726 3133 744 3178 a
761 3105 843 3178 loco
858 3104 1090 3179 dormitionis
1104 3106 1192 3180 nul·

132 3238 262 3294 strenus
271 3223 409 3296 moveri
425 3222 612 3320 potuisset.
626 3221 732 3317 Quod
746 3248 896 3295 cerneus
907 3225 1094 3323 episcopus
1107 3230 1191 3301 cunt

130 3336 292 3411 »mnibus
308 3339 369 3439 qni
399 3338 565 3425 aderaut,
584 3339 683 3411 valde
711 3340 862 3410 miratus·
883 3355 956 3424 est;
975 3341 1191 3440 diutinoque

130 3480 203 3527 :um
223 3454 329 3527 sociis
350 3453 581 3553 stupentibus
597 3452 686 3554 quid
708 3468 853 3553 agerettt
879 3469 1031 3529 tractatu
1052 3455 1192 3553 potitus

130 3588 184 3644 st.
213 3572 376 3644 Totidem
394 3572 515 3643 divina
544 3573 692 3644 edoctus
712 3572 947 3671 inspiratione
965 3572 1057 3644 dixit
1084 3602 1093 3644 ε
1123 3575 1194 3646 Vr'r

138 3708 188 3759 sse
204 3715 352 3787 magnes
367 3691 574 3761 ,sanctitatis
585 3687 687 3790 just,
710 3707 744 3761 st
764 3692 843 3760 erlo
860 3689 941 3788 ejus
961 3706 999 3760 at
1019 3715 1118 3763 nuuc
1134 3689 1190 3763 las·

130 3810 201 3877 isle
211 3808 557 3906 nrornjestuturl)co
564 3807 718 3908 placuit.
735 3807 853 3895 Unde,
871 3825 1016 3895 uereor,
1031 3807 1193 3907 digniori

130 3929 200 3998 'aco
227 3925 334 3998 debet
356 3927 520 4029 sepeliri,
548 3944 584 3999 et
604 3954 628 3998 a
651 3926 755 3998 nobis
781 3924 971 3998 celebriori
995 3928 1189 3999 reuerentia

130 4071 184 4109 sm
204 4070 316 4144 possc
341 4063 462 4115 nostro
480 4044 585 4116 dehet
606 4043 742 4117 anrodo
767 4047 929 4117 tracturi.
951 4042 1060 4118 rl'rmc
1082 4045 1193 4145 agitur

130 4188 184 4237 :o
197 4189 281 4232 curre
297 4161 438 4235 clericis
452 4166 583 4235 nostris
592 4188 666 4266 pro
679 4164 804 4236 anima
819 4165 900 4261 ejus
914 4162 1048 4237 dirime
1059 4164 1194 4263 majes-
