2768 5094
291 376 353 433 300
562 368 747 431 HISTORIA
769 366 1075 429 Eccrffllsrrct.

291 610 400 681 struit
417 622 544 680 contra
560 606 760 694 Venerem,
778 603 899 677 dicens
917 634 925 674 :

429 760 497 816 Otia
508 759 661 814 corrodunt
673 769 781 813 mentes
794 769 824 814 et
836 775 954 831 corpora
969 758 1112 831 frangunt.

467 850 520 903 Fac
534 850 624 923 fugias
635 849 749 904 monitis
761 848 818 903 otia
831 850 922 921 prima
934 847 1012 901 meis.

434 940 533 997 Otiosi
549 939 642 1004 tollas,
657 938 765 1013 periere
776 938 925 1012 Cupidinis
938 954 1031 1003 arcus,

466 1030 693 1103 Contemptaeque
702 1028 797 1099 jacent
809 1037 838 1082 et
849 1028 909 1082 sine
921 1026 984 1081 luce
996 1026 1068 1081 laces
1081 1024 1132 1095 (ι).

342 1167 427 1237 llaec
443 1164 559 1239 etalio
576 1163 777 1264 hujusmodi
794 1162 987 1263 diligenter
1001 1158 1252 1260 perpendens,
1267 1174 1342 1257 pstrr
1381 1201 1384 1224 ,-

293 1282 453 1354 Guarine
466 1282 534 1379 (a),
553 1280 688 1380 aliquid
706 1279 804 1379 quod
820 1277 999 1380 aliquibus
1018 1279 1057 1350 in
1072 1274 1190 1350 domo
1204 1276 1270 1349 Dei
1282 1274 1344 1348 fids

295 1395 389 1467 libus
414 1397 529 1496 prosit
551 1423 611 1470 seu
637 1395 794 1494 placeat,
822 1394 963 1467 decrevi
995 1391 1215 1491 simpliciter
1240 1390 1345 1471 edem,
1375 1448 1381 1475 ,

293 1529 478 1611 arreptum
504 1539 591 1586 vero
622 1514 782 1587 sedimen
813 1512 1004 1611 vigilanter
1032 1528 1181 1597 tenere,
1212 1536 1259 1585 ne
1284 1536 1347 1581 cun

292 1654 395 1701 scrro
413 1643 581 1727 torpente
600 1654 667 1726 pro
683 1626 858 1701 absconso
876 1628 912 1699 in
932 1643 1027 1700 terra
1045 1624 1187 1699 talento
1203 1624 1347 1709 damner,

294 1743 452 1818 Domino
467 1744 696 1843 adjudicium
710 1744 890 1816 veniente.
905 1743 1029 1815 Primo
1043 1743 1164 1843 itaque
1178 1742 1349 1843 prreceptit

294 1861 487 1935 venerandi
518 1861 665 1963 Rogerii
692 1860 850 1947 abbatis,
875 1876 913 1933 et
936 1874 1059 1960 postea
1085 1860 1219 1933 restris
1245 1860 1348 1959 optari

292 2008 436 2080 parere,
457 1980 672 2080 opusculum
691 1980 868 2079 incipiens
883 1978 928 2053 de
946 1994 1042 2052 statu
1057 1978 1241 2053 Uticensis
1257 1976 1349 2053 eccle

294 2100 376 2186 sire,
398 2098 497 2200 quod
518 2098 658 2197 priores
684 2099 800 2171 nostri
824 2123 897 2171 sese
919 2112 1049 2171 mutuo
1075 2093 1259 2171 exlrortati
1282 2106 1349 2167 sunt

295 2216 427 2305 lacere,
456 2213 516 2289 sed
540 2215 662 2287 nullus
687 2240 816 2289 eorum
839 2214 955 2288 voluit
980 2213 1048 2288 hoc
1074 2212 1251 2312 incipere.
1275 2208 1349 2283 llnr

293 2334 449 2433 quisque
473 2332 576 2406 silere
595 2358 704 2433 (pram
727 2332 829 2431 loqui
851 2332 997 2419 maluit,
1021 2348 1058 2407 et
1079 2356 1245 2405 securem
1262 2330 1351 2431 quie·

296 2464 368 2521 tem
393 2448 490 2521 edaci
516 2475 614 2521 curae
642 2464 836 2522 transactos
861 2476 918 2523 res
938 2447 1131 2549 indagandi
1149 2446 1348 2549 preposuit.
1383 2481 1384 2486 ¹

297 2564 469 2638 Libenter
485 2567 618 2665 quippe
638 2564 804 2665 legissent
817 2579 917 2637 nctus
930 2563 1120 2653 abbatum,
1137 2562 1351 2663 fratrumque

296 2707 465 2765 suorum,
492 2696 529 2753 et
554 2708 745 2782 parvarum
771 2680 1023 2755 collectionem
1049 2706 1173 2755 rerum
1197 2704 1350 2765 suarum,

296 2825 379 2899 quer.
391 2797 436 2871 ab
453 2801 572 2899 egenis
586 2798 645 2873 sed
659 2798 798 2873 devotis
812 2795 1065 2873 fundatoribus
1082 2798 1242 2871 tenuiter
1254 2810 1353 2871 aucte

298 2933 384 2989 suut
402 2919 538 3018 ingenti
557 2918 801 2991 sollicitudine
814 2933 979 3017 patrum3
997 2914 1059 2989 scd
1071 2916 1115 2989 ad
1130 2915 1291 2989 dictandi
1306 2938 1356 2987 sen

298 3033 478 3115 scribendi
493 3034 652 3107 sedimen
667 3061 772 3106 suum
787 3050 987 3108 renuerunt
1000 3058 1151 3107 curvare
1166 3032 1354 3135 ingenium.

298 3151 461 3224 Tandem
478 3178 546 3251 ego
564 3150 607 3225 de
629 3153 799 3224 extremis
827 3152 1052 3225 Merciorum
1076 3148 1211 3223 linibus
1228 3152 1283 3249 (3)
1302 3146 1358 3221 de·

334 3403 374 3466 (r)
395 3400 431 3453 Le
447 3398 570 3472 premier
586 3396 621 3453 de
637 3414 682 3453 ers
695 3416 755 3453 vera
768 3399 838 3452 n’est
849 3400 929 3471 point
945 3396 1075 3453 d'Oride.
1092 3396 1143 3451 Les
1154 3396 1226 3451 trois
1236 3404 1359 3451 antron

300 3498 430 3544 trouvent
443 3488 512 3544 (lans
531 3488 557 3543 le
575 3494 673 3561 pot-rue
694 3512 700 3541 :
725 3488 767 3542 Dc
786 3486 917 3542 Remedio
929 3492 1045 3553 amoris,
1060 3506 1086 3542 r.
1102 3484 1166 3553 135,
1184 3482 1247 3561 139,
1264 3490 1325 3552 rso,
1336 3492 1360 3539 rt

299 3580 412 3634 «inirent
425 3580 485 3634 erre
499 3579 613 3633 retablis
625 3578 660 3631 de
674 3579 699 3632 la
713 3580 837 3633 uranii-re
851 3580 977 3633 suivantc
992 3602 997 3611 ·

495 3694 540 3737 Far
551 3692 729 3749 munitissugr'ar
741 3693 788 3733 oer'a
797 3693 871 3751 prima
883 3690 946 3734 meis.
971 3724 985 3733 ..

464 3779 517 3821 Oria
528 3778 548 3821 si
558 3774 640 3825 tollas.
651 3776 737 3836 periere
750 3774 868 3835 cupidinis
878 3790 958 3825 arear,

500 3861 682 3922 Contemprrrque
686 3860 768 3919 jacent
777 3870 800 3903 et
812 3860 861 3903 sine
871 3858 1000 3921 lucr-sures.

336 3988 373 4037 rr)
392 3970 500 4022 thuorin
518 3969 566 4022 clos
579 3968 697 4027 liseur-ts.
709 3967 778 4021 alrlrr'·
793 3967 828 4021 de
839 3956 1047 4023 Satin-lirrnult
1059 3972 1103 4033 (nt
1115 3970 1169 4022 rnai
1184 3964 1300 4023 rim-nn
1309 3984 1364 4039 Jurn

339 4112 380 4201 r'i'
401 4147 483 4201 Nunc
500 4158 592 4201 erstem
612 4160 675 4203 rtur
696 4170 729 4203 ur·
748 4171 762 4203 ,ι
783 4150 961 4223 :trunglnne
981 4147 1160 4219 arnousd'lnu
1176 4148 1310 4207 Atellam.
1325 4166 1366 4203 sur
