2768 5094
277 370 318 431 st
551 366 735 429 nrsronn
756 364 1062 430 scetesnsncs.
1245 373 1344 453 [ross]

277 505 442 592 parentes
463 514 564 577 snos,
583 491 645 589 qui
669 490 806 590 magnis
832 487 965 563 ibidem
982 488 1115 589 opibus
1139 490 1343 590 pollebant,
1381 586 1383 599 ἲ

276 609 458 709 perrexit3
474 607 570 681 unde
590 631 666 679 non
686 608 802 680 multo
822 622 903 705 post
925 632 1008 680 cum
1032 608 1173 708 ingenti
1196 611 1344 708 pecnnia
1381 614 1383 633 ¹

276 724 401 812 rediit,
418 722 574 823 ducique
590 723 720 821 pallam
736 722 930 821 pretiosam
947 722 1090 797 detulit.
1381 734 1383 739 ’

326 839 1158 940 Vll.Sedatisaliquantulumprocellis,quibus
1169 840 1344 916 Uticensis
1382 834 1383 841 ἵ

276 955 421 1029 ecclesia
440 955 597 1054 graviter
617 952 888 1053 impulsabatur,
912 953 1095 1027 Osbernus
1116 972 1247 1031 rector
1263 962 1344 1057 ejus

275 1070 381 1157 dem,
398 1071 460 1170 qui
482 1070 620 1169 magnis
643 1094 817 1141 curarum-
834 1067 1049 1141 tumultibus
1067 1070 1288 1170 angebatur,
1312 1089 1344 1148 ct

277 1186 436 1259 mordaci
456 1185 673 1258 conscientia
696 1210 765 1283 pro
788 1185 986 1284 apostolico
1005 1184 1256 1278 anathemate,
1276 1214 1344 1290 quo

275 1327 462 1402 percussus
473 1299 609 1389 fuerat,
628 1302 725 1372 intus
737 1300 974 1401 affligebatur,
987 1302 1142 1376 consilio
1154 1328 1343 1380 consensu

269 1446 347 1520 >que
359 1418 529 1507 fratrum,
542 1420 719 1492 domnum
728 1420 943 1492 Maluerium
952 1419 1124 1495 Cluniaco
1137 1427 1341 1512 revocavit,

274 1552 312 1612 et
324 1563 407 1612 enm
418 1535 622 1623 Pulcherio,
636 1562 745 1636 quem
758 1536 954 1611 llotbertus
964 1536 1073 1610 abbas
1084 1539 1253 1638 priorem
1266 1566 1343 1616 con

275 1655 464 1741 stituerat,
488 1650 653 1751 deposito
679 1649 898 1753 subrogavit.
927 1655 1016 1726 Erat
1041 1655 1136 1728 idem
1160 1632 1342 1732 osberni·

275 1769 429 1844 llerfasti
444 1768 559 1854 filius,
578 1769 622 1842 de
643 1795 735 1868 pago
754 1769 919 1870 Calcegio
933 1772 989 1869 (1)
1008 1772 1205 1861 oriundus,
1227 1773 1277 1846 ab
1295 1776 1342 1848 iu·

273 1887 386 1959 santia
402 1885 532 1959 litteris
555 1884 750 1959 admodum
769 1887 948 1975 eruditus,
964 1912 1129 1961 sermone
1143 1886 1339 1977 facundus,

276 2005 423 2105 ingenio
436 2029 518 2076 acer
534 2004 578 2076 ad
595 2003 716 2076 omnia
729 2003 901 2076 artificia:
920 2003 1055 2076 scilicet
1070 2002 1283 2104 sculpendi,
1298 2006 1343 2079 fa·

274 2123 459 2209 bricandi,
474 2121 676 2209 scribendi,
692 2137 729 2195 et
741 2123 855 2194 mults
869 2119 923 2193 his
939 2122 1066 2194 similia
1082 2123 1241 2196 faciendi
1254 2152 1266 2213 3
1280 2140 1341 2197 sta·

274 2255 354 2311 tura
368 2237 577 2325 mediocris,
592 2236 762 2336 perfecta
775 2238 907 2324 aetatis,
923 2239 1038 2337 capite
1055 2237 1193 2310 affatim
1206 2256 1340 2314 onusta

273 2356 388 2454 nigris
405 2354 545 2425 canisve
561 2352 710 2451 capillis.
729 2352 843 2452 Asper
859 2368 936 2426 emt
952 2353 1083 2452 ineptis
1097 2367 1135 2426 et
1153 2369 1341 2428 contuma-

273 2471 397 2559 cibus,
418 2470 622 2543 misericors
646 2469 798 2542 infirmis
818 2487 854 2544 et
875 2469 1110 2570 pauperibus,
1138 2486 1177 2544 et
1199 2496 1341 2575 compe·

275 2601 395 2659 tenter
410 2585 527 2684 largus
542 2584 690 2685 privatis
704 2601 741 2656 et
756 2587 954 2673 extraneis,
971 2587 1008 2659 in
1022 2585 1151 2660 ordine
1163 2585 1338 2676 fervidus,

272 2719 312 2778 et
330 2726 457 2776 eorum
475 2700 607 2802 quibus
626 2701 755 2774 fratres
771 2702 1008 2800 corporaliter
1024 2728 1085 2776 seu
1103 2704 1340 2803 spiritualiter

275 2818 504 2919 indigebant,
536 2833 751 2917 procurator
775 2817 1035 2892 solertissimus.
1060 2821 1216 2896 iuvenes
1238 2821 1339 2895 valde

272 2937 480 3022 coercebat,
500 2962 632 3036 eosque
653 2934 748 3009 bene
766 2936 882 3036 legere
900 2952 936 3010 et
956 2937 1104 3036 psallere
1124 2954 1235 3039 atque
1255 2942 1340 3013 ecri-

273 3058 360 3131 bere
372 3053 491 3128 verbis
503 3069 541 3126 et
552 3053 761 3127 verberibus
774 3053 935 3154 cogebat.
957 3057 1034 3154 lpse
1050 3057 1211 3155 propriis
1226 3059 1339 3130 mani·

273 3171 341 3244 bus
354 3170 542 3270 scriptoria
555 3170 674 3267 pueris
687 3184 724 3242 et
739 3170 891 3243 indoctis
903 3168 1113 3260 lubricabat,
1130 3169 1338 3274 tabulasque

272 3318 352 3366 cera
382 3290 488 3362 illitas
514 3287 760 3388 praepsrabat,
794 3290 983 3388 operisque
1010 3286 1159 3361 modum
1188 3289 1337 3389 singulis

274 3410 512 3482 constitutum
530 3404 574 3477 ab
594 3408 643 3479 eis
664 3407 827 3506 quotidie
850 3404 1025 3507 exigebat.
1044 3406 1104 3479 Sic
1124 3406 1198 3478 otia
1221 3406 1337 3504 depel-

275 3526 352 3599 lens
364 3524 540 3627 jureniles
557 3538 694 3596 mentes
716 3523 917 3597 intentione
931 3518 1010 3593 utili
1031 3521 1201 3621 sagaciter
1214 3546 1338 3597 onem·

273 3645 353 3734 bat,
376 3671 503 3744 easque
528 3639 656 3715 futuro
682 3657 844 3740 tempore
868 3641 1026 3714 scientiae
1051 3639 1186 3715 divitiis
1209 3638 1337 3715 ditatas

273 3761 511 3862 praeparabat.
539 3761 606 3832 llic
631 3759 824 3833 canonicus
851 3759 1082 3832 buxeriensis
1106 3755 1174 3829 sub
1199 3757 1337 3832 domno

306 4130 347 4193 (r)
361 4127 397 4179 Le
410 4144 475 4198 pays
487 4125 521 4179 ‹le
533 4127 619 4180 Catu.
