2768 5094
156 359 217 418 280
433 356 618 416 Htstottts
640 357 946 418 ECCLESlltSTlCA.
1064 359 1218 434 [716-7571
1261 374 1270 390 ·

157 488 293 547 cartam
305 474 422 574 sigillo
437 500 502 548 suo
514 476 688 575 signatam
704 477 740 547 in
757 476 946 574 praeseutia
957 475 1218 573 episcoporum,

155 618 421 694 procerumque
436 619 586 667 suorum
608 592 869 694 confirmavit(
894 596 924 693 ).

159 798 162 806 ι
205 711 254 782 Et
262 712 345 812 quia
358 712 526 810 palustris
536 710 666 784 humus
677 712 882 787 Crulandiae
892 714 951 810 (ut
961 714 1080 812 ipsum
1092 738 1220 787 nomen
1265 738 1270 781 :

154 829 319 915 intimat;
337 828 528 901 Crulandia
543 830 642 902 enim
658 829 827 902 crudam:
843 830 880 903 id
891 846 944 904 est
957 857 1140 904 caenosam
1154 846 1223 903 ter·
1268 854 1270 863 ’

154 971 231 1016 ram
245 944 443 1045 significat)
456 946 627 1046 lapideam
642 946 776 1020 molem
790 949 966 1023 sustinere
976 975 1054 1023 non
1069 963 1222 1048 poterat,

153 1063 327 1162 praefatus
340 1090 402 1136 rex
421 1056 584 1164 ibgentes
597 1091 639 1138 ex
653 1091 790 1164 quercu
806 1065 906 1164 palos
919 1067 1125 1137 innumerae
1137 1063 1225 1136 mul·

156 1180 323 1253 titudinis
340 1180 452 1255 humo
473 1182 573 1281 infigi
591 1182 697 1270 fecit,
723 1181 923 1283 duramque
945 1200 1082 1257 temam
1096 1208 1224 1256 novem
1268 1271 1270 1277 ¹

153 1297 316 1368 miliariis
334 1323 398 1395 per
415 1324 563 1397 aquarn,
582 1295 626 1370 de
641 1298 854 1397 Uppalonda
874 1300 963 1397 (a):
989 1298 1024 1372 id
1047 1313 1102 1372 est
1123 1323 1225 1398 stape-

153 1415 243 1489 riori
271 1429 385 1501 terra,
417 1414 554 1514 scaphis
575 1413 707 1488 deferri
731 1431 768 1489 et
788 1416 977 1516 paludibus
1000 1417 1224 1491 commisceri

154 1524 299 1618 statuit,
320 1548 356 1606 et
371 1534 422 1605 sic
440 1531 614 1631 lapideam
629 1534 729 1633 (quia
743 1560 840 1607 sacer
853 1532 1051 1608 Gutblacus
1064 1535 1227 1608 oratorio

156 1664 348 1724 contentus
361 1667 414 1721 est
426 1649 562 1748 ligneo)
577 1647 760 1721 basilicam
774 1653 889 1750 coepit
899 1668 937 1725 ct
948 1653 1225 1724 consummavit.

155 1767 297 1841 Deinde
307 1767 493 1867 religiosos
508 1766 557 1839 ibi
573 1769 669 1841 viros
682 1770 897 1869 aggregavit,
914 1767 1130 1842 coenobium
1143 1794 1227 1842 oon·

155 1883 265 1970 didit,
297 1872 520 1957 ornamentis
543 1899 580 1956 et
606 1881 747 1970 fundis,
772 1883 922 1984 aliisque
945 1884 1081 1957 divitiis
1107 1883 1228 1956 locum

156 1997 306 2090 ditavit,
325 1998 368 2071 ad
386 1997 564 2072 honorem
584 1998 648 2070 Dei
669 2014 705 2071 et
721 2001 833 2071 sancti
854 1998 1093 2086 anachoritae,
1119 2025 1229 2101 quem

158 2115 259 2189 valde
276 2114 467 2196 dilexerat,
484 2142 552 2215 pro
571 2113 668 2187 dulci
690 2115 956 2204 consolatione,
975 2141 1085 2218 quam
1100 2114 1147 2187 ab
1165 2142 1228 2202 eo,

157 2231 245 2304 dum
266 2230 450 2317 exulabat,
471 2231 657 2304 multoties
673 2248 893 2330 perceperat.
914 2231 1094 2305 Eumdem
1109 2233 1230 2332 itaque

158 2348 280 2421 locum
290 2349 390 2420 omni
405 2349 477 2418 vita
491 2375 550 2419 sua
562 2347 707 2432 dilexit,
724 2374 961 2448 necunquam
976 2363 1059 2448 post
1075 2350 1229 2448 primam

159 2466 480 2551 instaurationem,
507 2490 615 2564 quam
633 2462 727 2537 idem
745 2492 808 2538 rex
828 2465 934 2552 lecit,
955 2465 1053 2542 sedes
1070 2465 1230 2539 lean·

157 2580 227 2653 diae
251 2580 504 2679 religiosorum
526 2578 748 2654 habitatione
769 2581 1032 2656 monachorum
1054 2608 1169 2682 usque
1193 2584 1229 2655 in

159 2696 377 2769 hodiernum
387 2694 482 2768 diem
495 2695 610 2766 caruit
621 2696 690 2792 (3)
707 2695 1041 2796 Kenullusquidam
1054 2698 1091 2769 in
1104 2695 1231 2770 diebus

161 2811 231 2883 illis
251 2836 392 2911 magnae
408 2809 515 2883 samae
534 2809 624 2897 suit,
646 2812 709 2912 qui
730 2812 988 2885 monasterium
1007 2813 1045 2884 S.
1062 2811 1230 2886 Gutblaci

159 2955 226 3029 per
245 2927 392 3027 aliquod
415 2944 555 3026 tempus
576 2928 689 3016 rexit,
717 2956 736 2999 a
759 2955 833 3028 quo
855 2928 1091 3002 Kenullestan
1116 2927 1232 3002 adhuc

160 3045 296 3120 dicitur
308 3047 414 3146 lapis,
431 3072 540 3146 quem
552 3047 626 3145 ipse
639 3073 708 3146 pro
721 3047 836 3120 limite
849 3061 977 3120 contra
988 3047 1232 3148 Depingenses

161 3165 284 3264 posuit
302 3165 373 3262 (4)·

198 3428 237 3495 (ι)
256 3426 350 3496 Voyez
357 3422 426 3478 dans
434 3423 588 3497 lngulphe,
598 3443 626 3495 p.
636 3440 652 3476 a
662 3464 670 3489 ,
679 3433 751 3477 cette
759 3423 855 3477 charte
864 3424 913 3496 qui
924 3432 1004 3495 porte
1012 3418 1038 3474 la
1047 3420 1113 3476 date
1122 3420 1160 3476 dc
1172 3420 1231 3496 716.

200 3517 238 3588 (a)
260 3517 294 3570 La
313 3512 473 3569 traduction
489 3514 524 3568 de
542 3524 623 3569 notre
644 3524 744 3568 auteur
760 3525 802 3568 est
820 3514 856 3568 ici
871 3513 1066 3585 parisitement
1080 3513 1168 3583 juste.
1186 3512 1234 3568 Lu

163 3604 305 3659 habitants
318 3602 367 3657 des
380 3604 480 3657 marais
493 3621 521 3657 se
535 3613 644 3658 servent
656 3621 756 3658 encore
769 3602 808 3657 du
820 3612 880 3657 mot
893 3598 1003 3675 upland
1015 3618 1088 3674 pour
1104 3599 1234 3674 designer

163 3692 204 3747 les
216 3694 334 3747 tenuius
347 3694 517 3764 supe'rieura.

201 3782 240 3856 (ὅ)
258 3786 350 3838 Toute
362 3783 387 3836 la
400 3784 511 3855 portion
528 3781 694 3855 precedente
706 3780 741 3836 de
754 3800 785 3836 ce
803 3779 977 3854 paragrapho
987 3789 1029 3834 est
1042 3781 1236 3852 empnantee'a

166 3873 306 3947 lugulphe
320 3877 335 3926 a
348 3890 401 3944 peu
416 3873 479 3944 pres
493 3870 699 3925 litteralemeut
970 3947 974 3955 ι

201 3966 240 4034 (l)
258 3963 298 4017 Ce
308 3979 478 4033 perwnnage
491 3961 558 4014 c'tait
571 3980 609 4014 un
620 3961 713 4016 moine
724 3959 896 4027 d'Evesham,
911 3958 1109 4033 qu‘Ethelbald
1118 3960 1234 4031 charges

167 4052 202 4107 de
219 4051 442 4105 1‘tiabttssement
456 4049 494 4102 du
514 4053 668 4105 monastero
682 4050 717 4105 de
734 4048 882 4121 Caoyland.
905 4051 1099 4122 Depiagenses
1118 4059 1182 4104 sont
1200 4047 1236 4102 les

170 4144 308 4199 ltaliitants
322 4139 356 4193 ‹lc
370 4140 509 4212 llceping,
524 4161 557 4196 au
573 4142 710 4195 touchant
721 4140 754 4194 de
766 4139 924 4198 Crowland.
