2768 5094
485 272 495 303 ,
507 272 510 279 .

276 365 336 422 208
553 357 738 420 utstottts
761 356 1069 420 tcctsssttstlcs.

325 478 494 552 Pretiosis
511 476 689 576 lapidibus
707 478 745 549 in
761 504 870 552 muro
887 478 1043 551 coelestis
1058 477 1268 552 Jerusalem
1282 479 1347 553 leli

277 599 368 673 citer
393 597 597 683 collocatis,
617 596 839 696 triticeisque
865 597 986 696 granis
1012 596 1050 668 in
1076 594 1263 696 apotheca
1286 608 1347 670 ven

276 713 408 814 loseph
435 713 628 813 diligenter
642 711 862 801 reconditis,
887 713 1003 785 silices
1029 713 1067 786 in
1087 715 1223 813 plateis
1241 730 1348 788 strate

278 848 384 921 sunt,
404 848 441 906 et
462 831 571 930 paleas
590 831 628 903 in
650 830 920 930 sterquilinium
941 832 1137 929 projectae,
1161 847 1201 904 et
1226 832 1351 905 irreve-

277 967 401 1026 renter
421 976 439 1021 a
461 945 766 1048 praetereuntibus
788 948 1010 1021 conculcatae
1028 965 1128 1021 sunt.
1151 949 1217 1022 Sic
1238 951 1351 1023 omui-

276 1067 437 1169 potentis
448 1065 515 1138 Dei
523 1068 623 1163 justo
634 1080 742 1152 nutu,
756 1079 949 1165 postquam
962 1064 1066 1139 electi
1079 1064 1124 1138 de
1138 1067 1351 1140 transitoriis

278 1187 323 1261 ad
344 1201 478 1258 aeterna
507 1183 730 1283 migrarunt,
757 1180 846 1254 dnm
871 1182 980 1270 Daci,
1008 1197 1049 1255 ut
1066 1186 1145 1281 jam
1165 1184 1350 1284 descripsi·

278 1329 379 1388 mus,
408 1299 534 1373 divino
551 1315 588 1372 et
607 1297 767 1371 humano
797 1314 898 1374 metu
917 1314 1078 1372 carentes
1098 1325 1166 1397 per
1190 1299 1352 1400 Anglim
1377 1278 1383 1435 Ι

278 1420 342 1491 diu
353 1412 560 1489 debacchati
575 1431 675 1505 suut,
689 1415 893 1487 innumerae
908 1431 1035 1489 contra
1048 1416 1113 1489 nei
1133 1414 1258 1517 legem
1272 1442 1351 1516 pr*

278 1537 514 1609 varicationes
540 1548 674 1605 temere
697 1547 846 1631 patratae
871 1549 969 1607 sunt.
998 1534 1165 1606 Humana
1189 1534 1351 1607 exercitis
1383 1625 1384 1638 ἵ

280 1657 378 1754 (qnae
394 1676 535 1747 semper
549 1647 592 1721 ad
609 1649 708 1721 nelas
722 1672 837 1749 prona
852 1651 977 1747 sunt),
997 1645 1194 1723 subtractis
1212 1651 1352 1725 rectori-
1382 1649 1384 1667 l

279 1768 348 1842 bns
363 1793 447 1840 cum
461 1767 558 1866 virga
576 1764 797 1865 disciplinae,
817 1782 883 1865 per
903 1764 1069 1840 infandos
1088 1782 1193 1839 actus
1216 1765 1351 1842 abomi-

279 1885 413 1959 nabilia
430 1882 522 1956 facta
541 1898 639 1954 sunt.
663 1881 917 1980 llujuscemodi
934 1882 1125 1958 dissolutio
1147 1883 1305 1961 clericos
1322 1901 1351 1958 et

279 2003 388 2076 laicos
405 2001 643 2088 relaxaverat,
661 2015 699 2072 et
713 2015 912 2099 utrumque
927 2025 1053 2074 sexum
1065 1999 1109 2073 ad
1124 2027 1281 2076 omnem
1295 2002 1352 2075 las-

280 2121 409 2194 civiam
431 2118 678 2191 inclinaverat.
707 2116 938 2189 Abundantia
961 2116 1033 2190 cibi
1055 2132 1092 2192 et
1111 2135 1227 2219 potus
1255 2120 1352 2194 luxa·

279 2240 370 2313 riem
387 2235 591 2321 nutriebat,
611 2236 736 2308 levitas
751 2251 788 2308 et
805 2235 975 2311 mollities
988 2237 1107 2338 gentis
1125 2238 1165 2310 in
1179 2236 1352 2340 llagitintn

279 2378 498 2457 quemquam
524 2348 628 2425 facile
653 2350 873 2450 impellebat.
905 2352 1104 2427 Destructis
1128 2355 1353 2430 monasteriis

279 2471 476 2550 monastica
502 2468 630 2567 religio
658 2467 843 2541 debilitata
872 2486 944 2562 est,
972 2485 1010 2544 et
1032 2472 1234 2546 canonicus
1261 2473 1353 2572 rigor

279 2584 457 2687 usquead
479 2585 775 2658 Normannornm
799 2601 963 2687 tempora
981 2603 1168 2688 reparatio
1190 2614 1270 2665 non
1292 2604 1351 2665 est.

278 2708 347 2779 Per
373 2705 523 2804 longum
551 2704 671 2804 itaque
703 2720 804 2777 retro
839 2720 979 2806 tempus
1008 2707 1355 2782 Transmarinorum

279 2819 514 2895 monachatus
535 2818 734 2908 deciderat,
761 2837 812 2929 ει,
820 2848 949 2920 parum
970 2849 990 2895 a
1008 2822 1252 2899 secularitate
1273 2849 1354 2898 eon·

279 2940 434 3014 versatio
455 2935 718 3011 monachorum
737 2937 938 3012 differebat.
965 2938 1101 3013 Habitu
1119 2938 1299 3016 fallebant
1319 2966 1355 3014 ac

278 3056 511 3158 professionis
529 3054 725 3140 vocabulo,
743 3055 853 3128 dediti
870 3084 1007 3156 ganeae,
1023 3058 1174 3157 peculiis
1194 3060 1355 3135 innume·

279 3176 343 3263 ris,
360 3173 539 3274 foedisque
550 3174 921 3272 praevaricationibus.
938 3176 1005 3248 llic
1018 3175 1139 3277 itaque
1150 3175 1246 3252 ordo
1257 3174 1356 3251 Guil-

280 3292 378 3368 lelmi
397 3291 489 3390 regis
510 3290 686 3361 instinctu
706 3291 749 3362 ad
774 3290 937 3363 instituta
956 3292 1131 3392 regularia
1149 3292 1355 3395 corrigeba-

281 3428 355 3499 tur,
386 3437 426 3483 ac
453 3409 497 3482 ad
523 3408 801 3482 consuetudines
827 3407 1007 3482 beatificas
1034 3410 1235 3511 perductus
1257 3402 1355 3485 valde

279 3524 541 3602 honorabatur.
557 3523 742 3623 Aliquanti
757 3521 902 3598 abbates
912 3552 931 3597 a
943 3552 1027 3628 rege
1040 3526 1187 3601 noviter
1196 3526 1353 3602 ordinati

278 3660 382 3730 sunt,
401 3659 438 3714 et
454 3639 658 3740 complures
680 3638 879 3713 coenobitae
903 3642 939 3714 in
962 3643 1191 3718 monasteriis
1210 3642 1353 3719 Gallicis

280 3773 529 3856 competenter
543 3754 777 3828 edocti·snnt.
798 3756 868 3849 Qui
887 3758 987 3857 regio
999 3761 1099 3857 jussu
1116 3757 1246 3859 Anglis
1262 3784 1353 3859 prae·

280 4056 384 4128 abbaye
401 4073 437 4110 en
451 4072 517 4129 709,
529 4052 656 4109 Aldclme
668 4070 705 4107 ou
719 4053 880 4121 Aldbelme,
896 4054 1012 4112 tl'sborsl
1030 4055 1114 4127 abbe,
1128 4056 1173 4113 lut
1184 4058 1293 4135 eaeque
1308 4056 1353 4115 des

280 4147 384 4201 Saxona
396 4142 579 4199 occislentanx
592 4158 652 4196 rers
664 4140 689 4195 la
703 4143 793 4199 meme
806 4147 923 4218 epoque.
