2768 5094
486 377 601 441 LIBER
621 377 805 454 QUINTUS.
1124 381 1186 443 ³3³

143 512 208 573 ute
233 498 356 599 prodit
382 524 464 599 quae
488 526 574 599 gens
596 500 655 573 illa
677 499 807 588 suerit,
832 500 887 574 rel
910 500 1005 574 unde
1021 503 1182 591 uenerit,

143 641 191 689 re
207 612 277 688 sub
289 639 364 715 quo
377 615 541 715 principe
557 615 613 689 rel
627 632 785 716 tyranno
797 616 971 703 saevierit,
987 642 1069 717 quae
1086 618 1184 691 into-

142 728 318 805 nbiliter
331 730 552 806 Christianos
568 748 603 805 et
619 732 787 806 idolatras
799 733 1029 833 oppresserit.
1044 734 1087 806 ln
1100 734 1185 833 plu·

142 846 222 919 imis
243 862 361 921 tamen
378 848 486 947 gestis
502 847 718 921 Sanctorum
737 848 832 921 illius
852 848 1024 948 temporis
1044 847 1184 949 liquido

142 963 267 1035 ateseit
287 964 386 1066 quod
403 963 471 1036 snb
488 962 670 1064 praedictis
685 963 910 1064 principibus
930 963 1075 1065 quidam
1096 990 1184 1037 cru-

142 1078 207 1153 elis
222 1094 261 1153 et
275 1077 449 1153 barbarus
461 1080 640 1155 exercitus
651 1106 804 1180 regnum
818 1079 944 1155 Gallioe
960 1083 1068 1155 nimis
1080 1084 1184 1154 attri-

141 1195 224 1267 erit.
248 1196 303 1270 Fo
325 1211 487 1295 tempore
505 1192 627 1268 nullus
644 1221 706 1269 rex
729 1196 766 1267 in
785 1195 899 1269 Gallia
916 1212 1012 1283 erat,
1035 1195 1096 1271 aed
1112 1197 1183 1269 im-

141 1327 264 1387 erator
281 1314 530 1387 Romanorum
545 1338 565 1386 a
588 1312 675 1389 Caio
693 1312 791 1387 Julio
806 1313 944 1387 Coesare
961 1313 1182 1413 Cis-Alpinis

141 1427 289 1503 mnibus
315 1429 529 1528 imperabat,
559 1445 596 1503 et
618 1430 786 1530 praesides
809 1430 964 1530 aliasque
989 1445 1183 1528 potestates

141 1545 266 1645 agulia
282 1543 433 1620 urbibus
448 1547 492 1620 ad
509 1543 654 1620 libitum
671 1571 775 1619 auum
792 1544 981 1647 dirigebat.

162 1662 358 1737 Silentium
379 1661 424 1736 de
449 1662 529 1736 Deo
551 1687 721 1762 magnum
749 1661 821 1735 luit
843 1662 880 1734 in
907 1660 1072 1735 Neustria
1099 1678 1182 1762 post

141 1773 261 1851 bitum
286 1778 398 1850 sancti
427 1778 589 1876 praesulis
613 1777 787 1867 Taurini,
815 1802 927 1878 usque
951 1775 995 1850 ad
1022 1793 1181 1877 tempora

141 1894 332 1971 liocletiani
355 1910 393 1968 et
415 1894 643 1981 Maximiani3
665 1920 684 1965 a
710 1892 843 1994 quibus
864 1894 955 1967 sacta
975 1911 1029 1967 est
1046 1894 1181 1967 decima

141 2010 235 2085 lades
247 2010 382 2087 luroris
390 2009 573 2098 diabolici,
587 2036 669 2111 quae
681 2010 824 2110 gravius
834 2036 875 2081 ao
886 2008 1093 2083 diuturnius
1103 2010 1182 2082 aliis

141 2130 235 2203 :tiit
244 2130 281 2201 in
295 2129 489 2203 Eoclesiam
500 2125 646 2201 Christi.
658 2126 838 2201 Caeterum
851 2124 926 2213 ille,
935 2128 1000 2227 qui
1010 2128 1182 2199 ruissent·

140 2268 184 2319 er
195 2244 522 2317 sealluturumesse
533 2242 713 2343 promisit,
733 2242 770 2314 in
783 2241 965 2315 immensis
976 2239 1181 2315 tribulatio-

144 2387 208 2434 um
229 2360 395 2460 procellis
420 2386 585 2460 sponsam
608 2385 706 2431 suam
730 2356 944 2431 mirabiliter
960 2358 1183 2432 confortarit

140 2475 366 2565 eliberavit,
392 2477 550 2576 protexit
574 2501 616 2548 ac
638 2472 823 2562 exaltarit,
849 2488 887 2548 et
906 2470 1182 2548 honorabilibus

140 2592 311 2693 riumpbis
327 2592 444 2693 palam
459 2590 713 2693 magnificavit.
735 2592 885 2691 iusuper
902 2603 1041 2665 eterno
1057 2587 1181 2665 diade-

140 2725 213 2785 sste
229 2735 351 2783 coram
374 2726 474 2809 patre
494 2734 560 2783 suo
579 2709 616 2780 in
636 2706 773 2780 eoelesti
790 2704 985 2780 Jerusalem
1006 2730 1180 2779 remune-

140 2824 227 2901 sbit.
254 2827 352 2927 Ergo
372 2852 481 2928 quam
499 2839 642 2898 tautum
659 2822 795 2923 diligit,
818 2823 914 2895 inter
929 2819 1041 2894 furias
1057 2846 1180 2921 perae-

140 2943 309 3021 nentium
327 2940 526 3043 paedagogis
540 2936 741 3014 illustribus
751 2938 896 3012 destitui
906 2991 918 3026 ,
937 2937 1001 3011 diu
1021 2962 1096 3013 non
1113 2938 1180 3013 ‹le-

139 3076 176 3133 ut
256 3115 265 3133 .

167 3062 262 3250 nini
276 3177 410 3251 decima
424 3176 623 3276 persecutio
636 3200 700 3276 per
713 3173 835 3247 decem
848 3168 1180 3244 aunostristianis

139 3296 265 3371 rrtiter
293 3296 521 3382 immineret,
550 3307 586 3366 et
617 3293 806 3365 innumera
836 3302 1039 3387 martyrum
1068 3283 1178 3359 millia

139 3414 241 3487 mltis
261 3412 521 3512 suppliciorum
537 3407 729 3511 gerreribus
753 3404 967 3490 trucidaret,
991 3419 1028 3478 et
1049 3428 1181 3476 cruore

139 3532 279 3606 retioso
304 3530 458 3629 gloriose
483 3527 647 3601 desorata
680 3524 724 3598 ad
750 3523 863 3596 melos
892 3521 1176 3606 transmitteret,

139 3647 315 3741 Quintinae
330 3661 367 3719 et
382 3645 580 3730 Lucianus,
598 3640 829 3729 Valerianus,
844 3637 996 3711 Rulirms
1006 3650 1044 3710 et
1059 3636 1179 3738 Euge-

142 3765 218 3855 ius,
236 3762 415 3838 Mallonus
430 3778 468 3838 et
489 3761 701 3846 Aricianus,
722 3759 854 3859 aliique
879 3757 999 3856 plmes
1014 3754 1059 3829 de
1079 3754 1180 3829 clero

147 4062 157 4125 ί
164 4064 189 4127 ι)
205 4060 287 4113 Cettr
301 4056 400 4130 prlsrase
417 4074 487 4111 nous
500 4055 588 4128 punit
599 4073 676 4109 arotr
690 4073 727 4109 uu
742 4072 804 4111 tuns
820 4055 1034 4129 compiletemt
1049 4058 1182 4129 opposta

138 4146 186 4201 rlot
201 4149 266 4221 qu'a
280 4147 362 4201 roulu
375 4148 514 4220 exprimet
528 4155 609 4199 ootre
620 4155 731 4199 auteur.
