2768 5094
154 378 215 440 rot
430 376 617 439 ursronu
639 374 948 437 occlusurum.
973 376 1224 455 [cinamomo

153 513 192 575 et
213 497 343 572 devote
372 497 556 573 celebrant
579 512 617 570 v⁹
644 497 724 572 idua
743 497 825 597 julii
845 498 915 595 (ι).
940 496 1034 570 llluo
1062 493 1226 571 Osvaldos

153 615 369 688 reverendus
388 613 589 690 adolescens
606 614 752 688 occessit
770 628 812 685 ut
830 610 1031 688 monachus
1051 611 1179 701 fieret,
1198 629 1226 686 et

154 729 396 805 monachilem
419 757 588 811 normam
609 731 808 817 edisceret,
838 754 1013 832 suamque
1035 731 1156 802 vitam
1179 756 1227 803 re·

153 848 315 923 eundum
331 850 556 925 voluntatem
569 850 632 924 llei
647 848 840 923 sulubriter
853 864 1057 936 coeroeret,
1074 849 1228 950 aliorque

155 966 260 1064 hujus
281 965 419 1040 ordinis
441 982 617 1040 amatores
643 993 708 1066 per
731 966 980 1067 apostolorum
1000 968 1157 1068 vestigia
1175 992 1230 1038 on·

154 1109 279 1183 pernae
304 1085 503 1158 vocationis
529 1084 571 1156 ad
597 1083 766 1157 bravium
783 1082 1023 1184 pertraheret.
1054 1082 1169 1175 Quod
1189 1083 1229 1155 in

155 1201 374 1276 factumest.
975 1212 980 1224 '

206 1318 292 1390 Post
319 1318 458 1417 aliquot
480 1342 595 1391 annos
617 1316 791 1391 osvaldus
814 1344 834 1390 a
856 1317 1087 1391 Floriacenoe
1112 1315 1231 1388 arehi-

156 1433 336 1507 mandrita
346 1433 552 1534 benigniter
563 1434 776 1533 rogantibus
790 1434 915 1535 Angtis
927 1433 1094 1507 redditus
1104 1437 1187 1531 est(
1208 1435 1230 1529 ).
1271 1370 1275 1499 l

156 1549 207 1621 Et
223 1550 307 1650 quia
331 1549 522 1648 multiplici
542 1566 614 1622 tam
631 1552 820 1650 sagacitate
835 1576 944 1651 quam
963 1548 1136 1623 bonitate
1154 1547 1232 1650 pol-
1272 1511 1275 1638 l

158 1664 267 1753 lebat,
283 1665 605 1767 omnibusllngliae
617 1665 799 1740 coenobiis
810 1665 1231 1767 praepositusest.llene·
1273 1677 1275 1821 Ι

157 1782 287 1858 rabiles
300 1810 447 1887 quoque
457 1785 525 1858 viri
540 1785 747 1859 Dunstanuo
757 1811 798 1858 oc
811 1782 1130 1859 Adelvoltluseum
1144 1810 1233 1856 oum·

157 1924 306 1999 mopere
333 1901 567 2001 adjuverunt,
595 1917 633 1975 et
657 1902 881 1975 Glastoniam
907 1926 948 1973 ac
974 1897 1232 1974 Abundonim

156 2017 327 2116 primitus
345 2018 521 2095 institutis
537 2015 760 2116 regularibus
780 2018 1048 2091 instruxerunt,
1067 2017 1136 2088 His
1152 2014 1233 2088 tlon

159 2133 302 2208 toribus
319 2133 475 2208 fideliter
491 2134 709 2208 obedierunt
728 2161 827 2236 reges
847 2134 1052 2234 Anglorum
1066 2132 1233 2206 Adelota·

159 2278 252 2339 nus,
285 2252 483 2343 AEdrodus,
519 2251 755 2340 Edmundus,
790 2268 828 2326 et
861 2251 1043 2351 praecipne
1071 2249 1233 2350 Edgarm

158 2367 340 2440 Edmundi
358 2368 466 2441 filins.
486 2368 570 2461 Quo
584 2383 758 2467 regnante
775 2369 981 2442 Dunstnnuo
995 2365 1233 2440 Dorobemio

160 2484 461 2588 metropolitanus
478 2481 594 2556 factus
607 2501 679 2571 est,
693 2511 734 2557 ac
748 2484 965 2563 Adelvolduo
978 2483 1235 2560 Guentonien·

159 2601 207 2673 ois
219 2600 352 2700 praesul
368 2601 633 2675 inthronizatus
643 2619 709 2677 est.
725 2601 1024 2677 0svaldusautem
1034 2599 1236 2701 priusGui·

157 2744 373 2819 gornensem
390 2720 655 2818 episcopatum,
670 2747 711 2793 oc
723 2738 844 2821 posteo
860 2721 955 2794 rexit
969 2718 1236 2793 Ebomoenoent

159 2835 508 2934 archipraesulatum.
529 2840 671 2912 Horum
690 2837 859 2940 precibus
878 2838 1118 2912 Floriocen'sis
1132 2836 1238 2911 Abho

159 2952 300 3049 sapiens
333 2968 441 3052 atque
471 2954 658 3054 religiosus
688 2953 874 3029 coenobita
905 2955 1033 3026 missus
1060 2971 1116 3028 eut
1142 2969 1238 3027 trono

160 3093 279 3154 mare,
294 3084 330 3142 et
348 3072 587 3144 monasticum
602 3099 706 3144 usum
721 3072 846 3147 docuit
858 3071 1031 3144 Ramesiae
1048 3087 1086 3144 et
1103 3071 1144 3144 in
1160 3070 1238 3143 aliis

163 3189 390 3261 monasteriis
408 3189 568 3290 angliae,
587 3192 692 3264 sicuti
713 3190 905 3264 tenebatur
923 3190 960 3261 in
977 3187 1094 3261 Gallia
1111 3187 1237 3262 eodem

163 3319 326 3405 tempore
342 3308 412 3407 (3).
433 3308 600 3382 Studium
623 3310 821 3382 sanctitutis
847 3325 883 3382 et
906 3308 1018 3383 totius
1041 3304 1238 3380 honestatis

199 3526 208 3594 (
215 3527 237 3594 r)
258 3526 294 3580 Le
306 3548 314 3580 r
324 3546 331 3581 ι
342 3527 446 3599 juillet.
461 3529 600 3600 Cisalpini
606 3528 752 3584 coenobitoe
764 3526 874 3602 nigritie
887 3527 922 3583 ici
935 3551 941 3580 :
953 3526 993 3582 let
1005 3527 1115 3582 moine!
1123 3545 1161 3582 en
1173 3525 1238 3600 ἀφ

162 3613 212 3670 det
223 3617 320 3690 Alpes,
336 3629 365 3673 et
378 3637 434 3674 non
450 3636 498 3692 pao
509 3618 549 3674 leo
559 3619 664 3673 moines
677 3617 712 3674 de
724 3618 750 3672 la
762 3616 854 3674 Gaule
866 3615 1008 3690 eiulpioe.

198 3708 236 3775 (a)
255 3708 292 3761 Le
309 3725 412 3780 voyage
429 3707 465 3762 de
479 3709 550 3762 saint
565 3706 679 3763 Oswald
697 3710 712 3761 a
732 3704 989 3762 Fleuri-onr-lnire
1006 3705 1096 3778 punit
1113 3706 1193 3760 aroir
1204 3723 1239 3760 en

163 3795 218 3854 lieu
239 3813 299 3850 vero
316 3797 342 3852 le
359 3798 455 3852 milieu
469 3797 507 3852 du
519 3805 546 3850 ι·
558 3796 653 3862 riecle3
674 3815 723 3851 rou
737 3807 880 3852 retouren
898 3793 1064 3868 Angleterne
1080 3812 1116 3849 en
1129 3793 1196 3869 961,
1212 3812 1238 3849 ιι

163 3887 321 3958 promotiou
334 3890 348 3939 a
361 3885 482 3941 l'eviche
493 3886 528 3940 de
540 3887 701 3943 Worceoter
713 3887 820 3942 l‘annee
832 3888 967 3951 mirante,
982 3896 1011 3940 et
1021 3888 1037 3940 a
1048 3883 1240 3940 lamberton·

163 3975 267 4030 ‹t’l'ort
280 3995 315 4030 en
329 3994 391 4050 97⁰·

201 4064 239 4131 (3)
258 4066 313 4121 Sur
326 4066 396 4120 saint
405 4066 530 4120 Dunrtan
539 4078 566 4121 et
575 4068 644 4122 saint
658 4065 835 4131 Athelwood,
847 4082 929 4135 royez
939 4062 1086 4129 ci-deatut,
1102 4081 1120 4131 ι,
1131 4083 1160 4136 p.
1176 4063 1238 4129 ¹640

165 4173 213 4209 rur·
224 4155 262 4208 leo
276 4158 444 4210 monastireo
454 4155 489 4210 do
502 4155 691 4212 Glattonlnrrt·
707 4167 732 4210 et
746 4154 940 4225 d’elltingdon,
953 4152 977 4208 le
990 4153 1168 4208 Mororum
1181 4154 1241 4207 Aa·
