2768 5094
355 380 474 443 mutu
494 376 678 457 QUINTUS.
993 381 1055 448 ⁴4⁵

13 501 89 577 sebi
113 526 227 602 usque
251 498 357 577 hodie
373 516 666 603 permanserunt,
688 501 779 574 etin
806 499 906 575 cuitu
928 502 1052 579 divino

13 616 327 694 enbomvemnt.
1151 674 1156 685 .

29 735 308 833 l'etrnsaut,
319 732 1054 833 Manliensisberus,usqueadseuectutem

12 853 93 941 nit,
108 867 215 927 otras
226 846 473 943 aeclesiastica,
487 849 702 951 Manliusque
715 848 898 950 popularis
911 854 1056 947 concio,

12 968 135 1071 apsilis
143 968 287 1071 patroni
301 966 437 1062 studio,
453 965 641 1042 commode
654 967 781 1041 crevit.
796 966 828 1042 Α
841 967 1008 1070 subjectis
1020 988 1057 1045 et

12 1085 121 1158 iciuis
138 1081 233 1157 idem
246 1082 403 1157 multum
420 1081 620 1172 amabatur,
636 1083 720 1183 quia
737 1083 965 1184 simplicitate
981 1113 1058 1160 nta-

12 1200 41 1273 is
70 1224 184 1300 quam
212 1196 310 1271 vairs
335 1197 528 1273 calliditate
555 1195 774 1271 armabatur.
808 1199 1061 1301 Eieemosyuas

11 1314 136 1392 nabat
156 1330 194 1390 et
213 1313 423 1417 bequentcr
440 1315 612 1406 saciatur,
631 1314 690 1390 aed
703 1318 839 1415 jejunia
857 1318 1059 1409 metuebat,

11 1448 221 1537 tquantum
231 1448 389 1533 potent,
402 1431 600 1509 abhorrens
612 1460 631 1506 a
645 1460 681 1508 se
695 1434 821 1533 procul
834 1434 1057 1513 excludebat.

11 1548 110 1625 tutu
125 1546 229 1622 facile
244 1545 499 1648 preminebat,
519 1563 555 1623 et
567 1548 748 1649 praecipua
761 1548 823 1622 viii
839 1552 957 1649 pretio
971 1579 1063 1628 ιιοιι·

11 1690 186 1768 tunquam
195 1663 425 1740 distrahebat.
441 1664 600 1767 Cupidus
613 1664 720 1739 simui
732 1682 809 1738 erat
819 1691 864 1763 ac
877 1667 1061 1769 prodigus.

11 1780 79 1858 ion
104 1779 254 1855 cusabat
273 1780 369 1858 unde
385 1780 454 1856 sibi
476 1783 630 1883 copiosas
650 1782 755 1881 dapes
777 1801 1062 1883 apponerentur,

11 1924 64 1976 tec
79 1896 303 1999 previdebat
321 1913 443 1971 utrum
465 1897 510 1971 de
525 1898 650 1998 rapina
667 1923 729 1972 seu
749 1898 795 1972 de
807 1901 906 1997 justu
923 1916 1064 2002 quaestu

11 2015 206 2091 mriae
226 2040 313 2114 opes
336 2014 606 2102 conferrentur,
631 2040 847 2117 rursumque
870 2019 1066 2117 pawipeu-

10 2128 106 2207 tabat
124 2128 786 2232 eui,qnocumquemodupartoe,1es
801 2130 1064 2231 ingererentur.

10 2247 196 2349 ,tunquam
219 2272 308 2350 ergo
330 2246 466 2321 divitiis
490 2245 698 2320 abundavit.
723 2247 791 2320 Hic
816 2274 859 2321 ex
885 2245 1068 2324 Guiudes-

10 2363 106 2438 nuth
149 2387 262 2439 uxore
299 2388 360 2437 sua
398 2375 556 2463 quatuor
592 2359 717 2435 babuit
757 2361 849 2436 filios
884 2394 893 2436 z
935 2364 1069 2440 Ausci·

10 2480 109 2569 inm,
131 2477 377 2567 Tedbaidum,
398 2478 598 2554 Guariuum
625 2491 663 2552 et
685 2476 946 2570 Guilielmum3
977 2485 1070 2558 tuti·

10 2595 158 2697 demque
177 2595 267 2669 filias
286 2626 295 2668 ι
321 2592 555 2684 Hubdimm,
576 2594 859 2698 Eremburgem,
883 2599 1071 2679 Odeiinam

10 2713 287 2789 atterendam.
303 2714 360 2786 Ex
377 2711 433 2787 his
447 2714 620 2786 nimirum
635 2714 736 2814 copia
752 2715 941 2815 pullulavit
956 2745 1073 2822 stepo-

9 2850 103 2919 tnm,
120 2830 185 2932 qni
202 2830 443 2905 discurrentes
461 2827 664 2903 instabilem
682 2827 851 2902 volubilis
867 2834 987 2906 soeculi
1008 2862 1072 2911 ru-

9 2965 140 3037 tatum,
154 2946 380 3049 dispensante
391 2949 487 3037 Deo,
501 2972 576 3048 quo
588 2961 764 3044 reguntur
776 2949 897 3022 omniu
905 3003 919 3037 ,
931 2952 1072 3025 sarium

9 3066 197 3141 subierunt
219 3080 402 3139 eventum.
424 3063 585 3137 Tandem
611 3064 737 3137 Petrus
763 3064 863 3138 aenio
887 3066 1074 3143 consectus

8 3197 49 3259 ιι·
66 3184 146 3258 idus
157 3182 312 3282 januarii
327 3179 444 3273 obiit,
459 3197 495 3255 et
517 3181 555 3253 in
574 3179 730 3253 claustro
743 3182 1003 3257 monachornm
1020 3190 1075 3283 (ι)

9 3328 107 3375 secus
134 3298 323 3373 australem
345 3296 500 3371 basilicas
526 3303 715 3372 maceriam
739 3299 899 3398 sepultus
918 3304 1076 3404 requies·

9 3419 70 3490 cit.
93 3412 326 3516 Epitaphium
343 3430 462 3489 autem
480 3410 682 3513 hujusmodi
696 3410 877 3490 Jubannes
892 3417 1076 3493 Remensis

9 3559 117 3633 super
136 3531 238 3604 iilum
258 3529 392 3603 edidit:

149 3693 216 3750 Post
229 3694 389 3769 annosagni
403 3705 515 3750 centum
529 3713 593 3751 enus
606 3694 682 3751 mille
693 3696 822 3769 superni.

11 3972 46 4027 de
57 3976 167 4027 abesse
178 3987 224 4025 ecs
238 3970 301 4026 tatu
313 3970 439 4047 d'dgiises
452 3972 666 4047 cumpidtrmcnt
680 3977 768 4029 casius
781 3991 815 4028 au
832 3991 930 4047 moyen
944 3979 995 4053 ige
1006 4001 1078 4056 potu

12 4061 79 4115 isin
90 4058 170 4134 piace
183 4062 199 4112 b
212 4057 348 4122 d'autnes.
363 4072 473 4117 mitons
484 4059 553 4115 dans
565 4061 605 4115 les
616 4074 651 4115 ιι·
664 4073 692 4116 et
706 4074 751 4114 ιιι·
765 4061 860 4118 sttctn

45 4154 54 4195 t
60 4156 85 4217 ι)
104 4149 128 4206 ΙΙ
146 4149 261 4205 n'esiste
273 4148 335 4223 pins
347 4168 455 4207 aucune
466 4161 539 4207 usca
551 4150 587 4207 de
601 4151 749 4207 cecinisse.
