2768 5094
301 365 362 425 350
579 358 760 420 HISTORIA
782 359 1083 422 ECCLESlASTICA.

302 493 449 566 cuntur,
472 494 509 551 et
531 479 643 567 fame,
660 478 815 578 frigore,
834 479 1106 582 pestilentiaque
1123 481 1361 580 periclitante

300 598 502 696 aufugiunt.
531 594 798 693 Liuthprandus
823 594 1143 696 langobardorum
1163 622 1233 672 rex
1256 599 1361 672 dona·

301 715 439 789 tionem
453 712 662 810 patrimonii
680 711 829 811 Alpium
845 711 1046 788 Gotttarum
1055 767 1067 801 ,
1083 741 1200 816 quam
1216 717 1361 816 Ariper·

301 848 359 904 tus
378 831 493 903 aureis
513 830 683 928 scriptam
701 828 830 903 litteris
851 829 1005 905 Romam
1024 829 1232 920 direxerat,
1252 850 1291 907 et
1312 834 1361 908 ille

299 946 511 1045 repetierat,
536 943 784 1018 admonitione
806 942 973 1044 Gregorii
997 972 1098 1046 papae
1119 948 1359 1022 confirmarit.

301 1064 399 1137 ldem
420 1089 497 1139 ossa
518 1062 556 1134 S.
576 1061 767 1163 Augustini
793 1062 952 1137 doctoris
975 1061 1060 1139 dato
1085 1091 1226 1165 magno
1252 1068 1360 1166 preti)

299 1180 405 1265 emit,
424 1194 461 1252 et
477 1176 522 1250 de
538 1177 718 1265 Sardinia,
742 1204 851 1278 quam
866 1178 1049 1253 &moeni
1069 1177 1288 1283 depopulati
1301 1181 1357 1257 lm

298 1293 446 1385 darant,
465 1300 501 1365 in
520 1293 690 1366 Ticinum
708 1293 892 1367 transtulit
909 1310 946 1370 et
965 1293 1168 1371 honorilice
1187 1296 1354 1373 condidit.

299 1465 342 1528 al.
437 1461 547 1518 Profuit
559 1462 589 1516 iu
600 1461 705 1535 populo
717 1461 830 1517 Domini
838 1462 1000 1519 venerabilia
1012 1462 1110 1540 ssago,

437 1551 473 1606 Et
484 1550 585 1606 tribuit
595 1560 693 1606 nnete
704 1549 837 1622 mtjeous
847 1549 979 1624 dogmata
989 1553 1050 1608 rite
1059 1555 1107 1625 (r).

295 1710 362 1782 Hie
377 1706 616 1784 consobrinus
632 1709 774 1809 Pippini
792 1708 966 1811 principis
981 1712 1209 1787 Francorum
1225 1714 1312 1802 suit,
1324 1734 1351 1788 et

295 1851 362 1900 vm
380 1825 498 1915 annis,
518 1840 680 1923 tempore
695 1823 862 1926 Gregorii
882 1823 923 1901 [Ιἰ
938 1854 1053 1928 papae,
1073 1826 1352 1932 archiepiscopus

295 1939 378 2014 fuit.
404 1940 571 2015 Ecclesiis
589 1941 697 2013 etiarn
714 1940 899 2015 Parisiensi
923 1941 1069 2041 praeluit
1092 1960 1129 2018 et
1153 1944 1349 2045 bajocensi,

295 2058 445 2133 abbatiis
458 2085 605 2161 quoque
620 2059 895 2133 Gemmetioeusi
909 2074 945 2134 et
961 2058 1241 2136 Fontinellensi.
1255 2064 1352 2163 Cujus

295 2203 427 2277 corpus
447 2202 531 2249 cum
559 2201 711 2276 corpore
732 2175 770 2249 S.
801 2175 942 2251 Aioadri
969 2203 989 2250 a
1014 2174 1351 2255 Gemmetioensibus

295 2294 333 2367 in
358 2292 627 2393 lotharingiam
652 2292 864 2366 translatum
887 2308 960 2381 ost,
985 2293 1109 2395 ibique
1131 2296 1170 2369 in
1192 2299 1277 2373 vioo
1295 2300 1349 2400 qui

294 2411 420 2509 llaspis
448 2411 505 2508 (2)
531 2408 679 2498 dicitur,
707 2410 746 2482 in
770 2410 958 2485 territorio
984 2409 1232 2487 Qeraoensi
1260 2439 1350 2489 nuuc

292 2552 405 2625 usque
433 2525 471 2597 in
501 2525 635 2599 scrinio
660 2542 831 2627 argenteo
854 2524 1056 2605 honorifice
1082 2546 1268 2605 temtum
1289 2546 1348 2607 eat.

293 2641 401 2713 Tunc
414 2639 672 2715 Constantinus
688 2639 899 2741 impmubat.
911 2642 1083 2743 Anglictu
1095 2643 1187 2720 Beda
1202 2645 1351 2720 famulus

293 2756 448 2845 Christi,
479 2775 516 2834 et
544 2755 735 2861 presbyter
760 2760 969 2834 monasterii
997 2762 1066 2833 BB.
1094 2759 1351 2861 Apostolorum

293 2878 388 2951 Petri
397 2892 435 2950 et
443 2875 666 2978 Pauli,quod
679 2893 733 2953 est
745 2875 1050 2952 adWiremudam
1065 2878 1102 2950 in
1114 2876 1297 2980 Glanum(
1322 2882 1348 2976 )‚

292 2995 434 3067 claruit.
457 2995 582 3067 Hicin
599 2996 784 3069 territorio
803 2995 957 3093 ejusdem
976 2995 1185 3068 monasterii
1209 3012 1265 3070 eat
1288 3023 1351 3069 na·

292 3125 372 3197 tus,
405 3127 441 3183 et
471 3108 651 3208 septennis
681 3109 883 3182 educandus
913 3111 1200 3187 reverentissimo
1233 3110 1348 3185 abbati

291 3229 483 3304 benedicto
502 3254 542 3301 ae
556 3227 686 3303 deinde
704 3228 923 3302 Ceolfridoa
946 3230 1159 3331 propinquis
1174 3229 1298 3319 datus,
1316 3248 1348 3303 et

291 3363 462 3420 cunctum
472 3372 516 3420 eo
529 3363 668 3445 tempus
678 3348 761 3421 vitae
776 3348 813 3419 in
825 3348 981 3447 ejusdem
992 3349 1200 3447 monasterii
1213 3347 1348 3423 babita-

291 3466 390 3539 tione
408 3465 567 3567 peregit,
588 3490 806 3565 omnemque
826 3462 1020 3539 meditandi
1042 3465 1247 3567 Scripturas
1268 3492 1346 3567 ope

290 3609 368 3656 ram
380 3581 497 3670 dedit,
512 3598 548 3657 et
565 3584 660 3655 iuter
676 3581 938 3656 observantiam
950 3581 1150 3682 disciplinas
1166 3584 1346 3685 regularis,

325 3872 334 3937 (
341 3889 347 3921 ι
354 3884 363 3937 )
381 3868 458 3922 Saiut
470 3867 600 3939 Huguca,
611 3864 782 3937 archosdqm
795 3863 830 3919 de
842 3864 941 3920 Roueu
951 3884 1011 3920 vera
1023 3882 1089 3939 720,
1100 3854 1205 3940 &dune
1213 3866 1251 3923 de
1263 3868 1345 3924 Paris.

290 3959 360 4013 abbe
370 3958 406 4012 de
416 3956 575 4012 Fontenella
585 3966 612 4009 et
625 3955 660 4009 de
673 3955 813 4025 lumidgrs
826 3956 858 4021 (8
871 3955 938 4010 avril
953 3954 1024 4029 750).

326 4052 364 4117 (u)
383 4047 517 4117 Ilaaprea,
529 4043 573 4099 tt
587 4045 671 4098 lioues
684 4044 720 4098 de
735 4044 943 4100 Valcncieunes.

325 4133 363 4199 zi)
382 4136 496 4199 Jarrow,
512 4135 573 4203 pris
588 4132 788 4199 Woarrnoutb,
804 4135 871 4189 daus
884 4134 908 4190 le
918 4139 1008 4191 conati
1018 4134 1052 4189 de
1065 4135 1198 4189 turham.
