2768 5094
399 376 515 439 tissa
536 376 720 453 QUINTUS.
1049 378 1106 443 401

140 494 182 567 iti
200 492 512 568 xenodochiorum
528 492 790 593 dispensatores
807 494 933 580 laicos,
954 510 995 567 ut
1011 494 1111 569 deci·

140 610 304 686 Ecclesiae
330 612 396 683 Dei
423 610 637 699 redderent,
664 611 957 699 admonuerunt,
986 612 1108 713 cisque

140 728 300 803 uomodo
323 727 466 802 auferre
490 726 676 817 ardentes,
705 729 889 829 ingentem
917 731 1108 829 pecuniam

140 858 237 931 unt,
273 843 479 943 ignorantes
505 842 604 944 quod
627 842 875 919 venditionem
905 844 1107 945 hujusmodi

140 962 325 1062 optionem
349 961 439 1033 sacri
464 986 619 1035 canones
643 960 797 1035 omuino
823 959 1106 1062 prohibuerunt.

140 1078 209 1153 >iu
230 1077 415 1152 modernis
431 1077 539 1151 etiam
561 1077 725 1151 conciliis
741 1079 831 1151 sacri
848 1079 1019 1178 presules
1038 1077 1110 1151 illi·
1229 1082 1233 1091 '

140 1223 152 1268 ι
167 1194 449 1269 mercimonium
464 1193 679 1269 anathemat
701 1195 955 1295 perculerunt,
974 1195 1035 1271 sed
1051 1224 1111 1271 re-

140 1310 436 1387 umisericordiae
453 1314 661 1413 prseteritos
674 1330 794 1387 reatus
808 1313 1056 1401 indulserunt,
1075 1329 1112 1389 ct

140 1455 224 1530 quas
239 1428 394 1503 Ecclesia
414 1444 502 1501 tune
521 1429 745 1529 possidebat,
767 1430 977 1529 perenniter
993 1431 1112 1530 possi-

140 1572 171 1619 is
186 1546 387 1645 pontificali
404 1546 619 1620 auctoritate
636 1562 904 1621 concesserunt.

140 1660 289 1737 diceres
306 1662 375 1735 viri
399 1662 608 1737 Uticensem
630 1660 813 1737 abbatiam
832 1664 870 1736 in
889 1664 1003 1738 sterili
1027 1690 1112 1739 rure

140 1806 196 1855 ere
205 1796 413 1880 coeperunt,
431 1796 626 1881 tenuesque
640 1808 711 1873 res,
725 1782 867 1883 iateque
878 1782 1052 1883 dispersas·
1068 1784 1111 1855 ad

140 1924 178 1973 ιιι
193 1898 349 1970 fratrum
361 1901 463 1998 juxta
482 1896 770 1973 mediocritatem
787 1900 842 1973 sui
859 1899 1109 1975 coutulerunt.

140 2039 209 2115 que
227 2014 336 2086 vicini
354 2028 562 2112 paupertate
577 2030 809 2114 premuntur,
827 2031 863 2089 et
880 2031 1033 2117 egestate
1047 2042 1111 2089 ne·

140 2157 226 2233 sque
243 2131 414 2218 lacessiti,
429 2131 523 2207 dolis
535 2149 571 2205 et
585 2133 693 2205 furtis
706 2148 815 2235 atque
831 2134 967 2235 rapinis
982 2136 1113 2208 instare

140 2266 266 2339 tntum
281 2251 376 2324 unde
386 2250 572 2325 Uticenses
584 2249 810 2325 monachide
824 2251 1027 2355 longinquo
1041 2253 1113 2327 ric·

141 2365 233 2455 sibi,
257 2365 531 2469 hospitibusque
548 2367 820 2443 advenientibus
838 2396 1034 2470 procurare
1050 2398 1116 2447 co-

140 2512 191 2557 ur.
210 2486 371 2574 Verum,
389 2491 473 2586 quia
490 2485 644 2587 regulari
662 2487 895 2585 disciplinaea
913 2488 1116 2589 primordio

140 2604 281 2675 utionis
298 2630 372 2675 sum
390 2604 582 2703 mancipati
600 2622 707 2691 sunt,
733 2608 865 2680 summi
888 2633 1056 2708 proceres
1079 2623 1117 2679 et

140 2722 196 2793 rosi
215 2720 385 2820 praesules
403 2746 465 2796 eos
485 2720 710 2809 dilexerunt,
735 2724 898 2825 datisque
921 2723 1029 2799 rebus
1046 2751 1115 2799 ne·

140 2838 200 2911 riis
214 2839 250 2910 iu
266 2838 432 2923 decimis,
448 2838 677 2939 ecclesiisque
687 2856 725 2912 et
736 2838 816 2911 eliis
831 2838 1113 2930 donationibus,

142 2970 197 3027 ter
214 2958 370 3029 venerati
389 2973 487 3029 sunt.

140 3072 266 3145 idulsus
294 3074 403 3171 igitur
425 3072 470 3145 de
490 3072 647 3147 Concbis
665 3074 743 3172 (ι),
775 3072 870 3147 sdius
898 3074 1043 3175 Rogcrii
1071 3074 1116 3147 de

140 3191 202 3280 iia,
215 3192 277 3288 qui
290 3189 357 3262 suit
372 3188 669 3264 Normannorum
682 3191 839 3265 famosus
850 3190 1013 3289 signifer,
1032 3216 1116 3263 cum

140 3322 151 3377 t
175 3307 211 3378 in
236 3307 440 3405 Hispaniam
463 3306 664 3405 proficisci,
681 3307 827 3380 Uticum
846 3308 1000 3381 venitin
1020 3310 1114 3409 rapi·

140 3450 163 3497 n
180 3426 218 3497 S.
239 3422 400 3512 Ebruiii,
420 3440 491 3497 ete
511 3426 687 3499 Mainerio
703 3423 833 3500 abbate
854 3428 993 3499 veniam
1012 3427 1117 3528 petiit

140 3558 312 3617 :oirseutu
328 3541 611 3629 monachorum,
627 3542 725 3643 quod
744 3542 819 3640 ipse
827 3541 1039 3641 jamdudum
1055 3542 1118 3617 ad-

140 3912 229 3967 Uauui
245 3912 270 3965 ΙΙ
282 3912 317 3967 «le
330 3913 431 3967 Treui.
443 3914 499 3967 Scin
511 3915 576 3985 pere
588 3910 682 3979 lioper
691 3912 762 3966 avait
776 3909 823 3965 tait
838 3912 910 3965 stessi
922 3929 960 3965 ιιιι
972 3930 1118 3985 voyageen

140 4024 184 4069 ne,
195 4024 303 4059 corrinn-
314 4022 384 4059 nous
394 4003 495 4059 Patous
508 4022 544 4057 ru
556 4002 701 4069 tidessus,
716 4012 737 4057 t.
750 4020 768 4065 ι,
783 4022 810 4077 p.
830 4004 889 4057 isi.
901 4002 970 4057 i.'uu
982 4014 1010 4056 et
1022 4002 1119 4058 i'autsr

140 4106 146 4147 t
162 4094 188 4149 ir
202 4096 269 4148 titre
280 4093 316 4148 de
333 4092 560 4167 purte-etendard
573 4092 609 4147 de
621 4092 801 4149 Nonnundie.

140 4215 163 4257 ι.
932 4186 975 4253 'sti
