2768 5094
152 383 212 445 asc
426 382 608 441 msvoun
631 380 931 442 ecclesusncl.
1016 385 1190 461 [esctun
1231 366 1250 423 -·'

153 519 246 589 erat,
269 501 452 573 monachis
465 501 658 585 concessit;
677 500 843 601 aquibus
863 525 886 572 x
901 500 1038 576 solidos
1056 502 1194 574 etdimi·
1239 538 1250 577 ,-

154 618 253 691 dium
271 619 344 690 vini
363 618 524 690 modium
544 619 582 689 in
601 619 747 691 caritate
765 618 912 717 recepit.

201 732 428 833 Eremburgis
439 734 511 806 filia
527 735 620 808 Petri
634 733 678 806 de
691 734 841 820 Manlia,
857 749 893 806 et
906 730 1108 841 Amalcicus
1121 733 1195 805 lilius
1237 741 1250 788 t

154 855 228 948 ejus
250 852 476 924 medietatem
499 851 595 921 illam
619 851 783 936 decimae,
808 876 916 950 quam
935 848 1071 948 injuste
1090 865 1197 923 tenue-
1240 862 1250 907 ¹

154 983 250 1053 rant,
267 967 341 1039 Deo
355 963 604 1051 reddiderunt,
620 965 827 1064 donumque
841 991 948 1062 super
959 963 1072 1037 altare
1084 980 1199 1038 sancta

154 1081 675 1154 DeiGeuitricislllariaecoiam
686 1081 1091 1178 populoimposuerunt.
1101 1082 1199 1178 Hujus
1244 1099 1250 1144 t

156 1201 328 1271 nimirum
345 1199 430 1271 doni
450 1199 569 1269 fautor
586 1213 623 1271 et
638 1197 752 1269 fidelis
769 1199 957 1296 instigator
972 1198 1130 1272 domnus
1143 1199 1200 1270 Au
1247 1222 1250 1256 t

155 1315 274 1389 soldus
290 1316 411 1401 alluit,
433 1332 468 1390 et
487 1342 571 1387 cum
589 1314 670 1387 liliis
689 1315 759 1386 suis
774 1316 880 1387 Petro
898 1330 935 1387 et
952 1311 1113 1388 Radulfo
1132 1339 1202 1387 cou-

123 1478 126 1485 ,
155 1436 270 1507 cessit.
287 1434 392 1505 Tunc
407 1433 591 1519 monachi,
612 1433 654 1504 ad
668 1432 912 1505 redimeudvm
925 1430 1103 1504 decimam
1120 1431 1203 1529 (quia

157 1549 369 1623 Guillelmus
387 1550 431 1622 de
448 1549 578 1621 Manlia
594 1550 631 1620 in
645 1547 852 1621 vadimonio
868 1573 936 1647 pro
954 1572 1004 1619 xx
1021 1546 1125 1618 libris
1141 1572 1204 1618 eam

158 1666 352 1763 habebat),
371 1668 493 1740 decem
514 1665 619 1737 libras
644 1663 855 1763 Eremburgi
877 1663 1076 1752 dederunt,
1096 1680 1132 1736 et
1149 1678 1207 1734 trev

157 1787 345 1883 aripennes
360 1786 473 1856 viueae
493 1784 556 1881 ipsi
574 1799 610 1855 et
627 1781 757 1854 haeuedi
781 1787 856 1879 ejus
874 1798 1143 1856 concesserunt.

209 1905 400 2001 Postquam
413 1917 531 1973 autem
546 1901 656 1971 velata
671 1900 741 1969 tuit
753 1899 873 1972 eadem
887 1898 1139 1999 Eremburgis,
1155 1903 1207 1972 ite·

160 2045 241 2089 rum
264 2020 334 2114 ipsa
353 2034 389 2089 et
407 2015 598 2114 praedictus
620 2015 838 2102 Amalvicus,
860 2016 953 2086 lilius
968 2019 1063 2114 ejus,
1084 2035 1209 2115 partem

160 2162 259 2206 suam
268 2137 312 2207 de
324 2135 458 2206 decima
468 2160 560 2230 saepe
570 2148 763 2205 memorata
776 2130 1106 2218 Deonddiderunt,
1116 2150 1151 2206 et
1160 2135 1212 2206 do

161 2253 482 2337 num‚sicutantea,
492 2248 714 2346 superaltare
725 2249 848 2317 matris
856 2248 1075 2346 llomiuipea·
1085 2264 1214 2320 textum

162 2365 441 2463 Evangeliotum
454 2365 716 2459 imposuerunt.
733 2360 784 2432 lbi
805 2360 1017 2433 Guillelmus
1029 2362 1074 2434 de
1092 2362 1214 2433 lllanlia

163 2497 198 2551 et
212 2479 414 2552 liodbertus
428 2505 539 2577 nepos
555 2483 628 2575 ejus
647 2495 683 2550 et
696 2477 904 2551 Goissredus
917 2481 1077 2570 sororius
1097 2481 1212 2578 ipsius,

164 2620 246 2665 cum
266 2593 390 2665 Oduue
415 2595 555 2691 Pagano
578 2610 614 2663 ct
638 2592 763 2664 Odoue
780 2593 856 2665 lilio
876 2593 1049 2665 Gualouis
1071 2611 1109 2667 et
1133 2595 1215 2667 Ful·

165 2736 255 2781 coue
285 2709 424 2782 Clerico
452 2725 487 2782 et
509 2708 699 2781 Guislredo
725 2708 880 2781 Riehevii
907 2709 1214 2793 lilio2adluevunt,

163 2831 324 2926 lleoque,
339 2827 400 2925 qui
417 2827 616 2911 mulierem,
634 2826 778 2897 uelariae
792 2827 994 2922 rapacitatis
1007 2824 1128 2899 lethali
1147 2853 1218 2897 sar-

165 2947 243 3016 cina
261 2960 446 3028 onustam,
466 2944 660 3028 alleviavit,
680 2944 809 3040 gratias
825 2958 988 3040 egerunt.

211 3058 462 3132 Habitaturum
490 3061 607 3157 itaque
632 3058 798 3143 solertia,
825 3057 1000 3157 donisque
1031 3059 1217 3132 coufluen-

164 3181 255 3250 tium
272 3177 475 3249 Manliensis
495 3176 622 3248 domus
643 3178 754 3249 erevit
776 3189 812 3247 et
833 3175 1045 3272 locupletata
1063 3193 1137 3262 αις
1162 3176 1218 3248 sed

164 3312 245 3393 post
271 3294 414 3393 aliquod
435 3313 591 3390 tempus,
619 3292 777 3364 ilusoldo
797 3291 962 3363 laudabili
989 3309 1144 3391 patrono
1165 3321 1220 3365 ca·

164 3412 289 3496 dente,
309 3408 489 3482 debilitata
513 3425 578 3480 est.
603 3412 633 3480 ls
653 3410 803 3495 etenim,
823 3424 1012 3507 postquam
1033 3434 1098 3482 mu
1122 3412 1221 3483 anuis

164 3553 261 3598 arma
276 3526 415 3597 militiae
428 3528 546 3623 gessit,
559 3531 633 3622 jam
646 3526 771 3598 seniles
784 3552 896 3598 annos
907 3527 1098 3624 attingens,
1112 3554 1220 3628 aegro

166 3663 240 3718 tare
262 3647 393 3743 eoepit,
419 3661 454 3716 et
479 3669 573 3742 aeger
597 3645 670 3716 fere
694 3669 745 3716 vn
769 3645 974 3742 septimanis
994 3643 1037 3715 ad
1064 3645 1218 3717 tribunal

165 3762 302 3831 Summi
322 3762 454 3847 iturus,
475 3788 546 3833 sese
563 3759 784 3834 consessione
800 3776 835 3833 et
855 3761 1069 3858 poenitentia
1084 3789 1221 3861 peaepa·

164 3881 268 3946 ravit.
284 3880 329 3946 Et
341 3880 501 3974 quamvis
516 3879 607 3949 lecto
623 3903 694 3950 nou
709 3876 957 3964 decumberet,
973 3877 1033 3950 sed
1042 3879 1221 3952 ecclesiam

165 3992 324 4090 quotidie
344 4008 499 4090 peteret,
518 4010 554 4065 et
567 3996 751 4067 vivacitate
766 3995 947 4067 memoriae
963 4020 1044 4068 cum
1061 3994 1222 4067 facundia

166 4112 314 4208 vigeret,
331 4114 474 4206 agnovit
492 4128 658 4184 tamense
677 4127 819 4185 nattum
833 4112 993 4208 corpoeis
1012 4113 1080 4196 sui,
1094 4111 1223 4211 quibus
