2768 5094
313 336 373 399 ³³6
588 336 772 397 HISTORIA
795 337 1100 402 ecctfstasrlca.

313 455 500 553 pontifices
514 455 657 545 habuit,
674 473 710 530 et
726 457 840 531 clerus
853 461 1009 557 ejusdem
1020 462 1064 535 ad
1081 464 1255 537 notitiam
1268 483 1359 565 poste

312 599 439 648 rorum
455 574 500 648 de
521 574 669 673 singulis
689 575 901 673 praesulibus
921 578 1075 654 disticon
1100 580 1292 655 heroicum
1307 585 1360 656 edi·

312 689 382 777 dit,
398 689 496 789 quod
511 688 594 761 huic
611 690 711 791 operi
728 689 938 766 charitative
955 720 1021 795 per
1036 695 1206 770 ordinem
1227 697 1362 772 inserere

313 831 396 877 cum
429 802 641 905 quibusdam
670 806 873 882 necessariis
905 806 1156 886 additamentis
1187 812 1279 887 milri
1304 839 1364 888 noa

311 921 461 1021 pigebit.

315 1111 338 1145 1.
449 1093 572 1145 antidea
581 1037 690 1145 saucias
702 1090 839 1148 Mallunua
848 1092 877 1148 in
889 1093 989 1149 ordine
1001 1095 1109 1168 primus

452 1179 579 1236 anoluit
592 1179 701 1254 plebem
715 1179 843 1238 doctrina
854 1182 1096 1258 Rotomagemean.

313 1340 380 1412 Hic
394 1354 556 1438 tempore
568 1336 713 1411 Eusebii
724 1365 826 1438 papae
839 1356 876 1412 et
887 1336 1092 1413 Melcbiadis
1105 1340 1255 1427 claruit,
1268 1339 1368 1414 uude·

312 1459 479 1558 cimoque
496 1455 567 1529 kat.
586 1454 792 1528 novembris
807 1454 851 1527 ad
867 1455 1064 1531 Dominum
1080 1456 1274 1556 migravit,
1290 1472 1326 1528 et
1339 1459 1368 1528 in

311 1587 437 1673 crypta
452 1573 489 1643 in
500 1569 643 1643 basilica
657 1576 693 1643 S.
711 1569 868 1644 Gervasii
883 1572 1053 1672 martyris
1065 1587 1168 1646 extra
1180 1570 1312 1659 urbem
1326 1600 1369 1646 so

310 1685 516 1788 pultusdiu
529 1686 654 1786 jacuit.
675 1684 896 1760 Mausoleum
913 1713 999 1762 vero
1018 1689 1093 1786 ejus
1109 1672 1251 1760 ibidem
1272 1715 1371 1791 usqae

312 1805 417 1879 hodie
434 1820 612 1878 servatum
626 1819 693 1891 est,
708 1803 769 1878 sed
781 1829 912 1904 corpus
928 1807 1003 1903 ejus
1017 1821 1100 1904 post
1114 1804 1279 1879 multum
1293 1821 1372 1880 tem·

309 1924 408 2024 poris
427 1947 495 2022 pm
520 1922 651 1995 timore
678 1922 857 1995 Dacorum
880 1920 962 1995 inde
987 1918 1149 1994 ablatum
1173 1939 1252 2012 est,
1279 1940 1316 1999 et
1339 1925 1371 1998 iu

310 2040 494 2115 castellum
506 2040 693 2115 Vilcassini
702 2093 713 2127 ,
731 2038 830 2140 quod
846 2038 1029 2113 Pontisera
1045 2054 1213 2131 rodatur,
1229 2041 1370 2116 transb-

213 2196 220 2213 ·
312 2173 389 2230 tum
403 2171 469 2230 est.
483 2154 561 2227 lllic
574 2155 610 2229 in
624 2155 718 2256 regia
728 2156 743 2252 (
750 2156 785 2252 r)
799 2154 940 2229 nomini
953 2157 1028 2253 ejus
1036 2155 1151 2227 dicata
1162 2175 1370 2232 veneranter

311 2287 485 2360 servatur,
508 2270 612 2370 eique
626 2285 825 2343 conventus
839 2267 1098 2343 canonicorum
1116 2268 1312 2347 celebriter
1321 2271 1369 2346 fa·

311 2387 471 2462 mulatur
487 2390 501 2483 (
525 2386 555 2482 ).

309 2689 381 2735 oette
396 2678 458 2732 liate
470 2694 521 2750 par
534 2674 606 2730 saint
621 2671 739 2740 Meliora,
752 2674 779 2732 le
790 2678 911 2750 premier
923 2679 1028 2754 deeque
1039 2681 1088 2755 qni
1099 2681 1139 2735 ait
1149 2681 1318 2739 reellemeat
1326 2699 1364 2738 α-

309 2769 380 2842 eupe
392 2765 418 2822 le
432 2764 507 2837 siege
519 2763 555 2820 de
567 2762 676 2818 Ronen.

342 2860 381 2930 (ι)
398 2856 438 2913 Ce
450 2864 509 2911 mot
519 2864 562 2910 en
572 2853 699 2927 employe'
713 2855 749 2910 iei
762 2858 777 2909 l
790 2854 817 2910 la
828 2852 906 2929 plaoe
919 2855 955 2912 de
968 2873 1018 2912 aon
1031 2874 1186 2932 ayuonyme
1199 2859 1328 2918 tanda.

342 2949 381 3020 (a)
399 2944 520 3001 Orderie
534 2941 611 2999 Vital
627 2953 670 2999 eat
691 2954 829 2999 raremeut
848 2943 973 3000 beurenx
992 2944 1122 3002 danaae·
1138 2947 1365 3021 synchronus

308 3035 416 3091 &sebe
428 3052 532 3108 ooeupa
545 3033 570 3087 le
583 3032 745 3106 taint-siege
757 3032 856 3106 depuis
872 3032 899 3088 le
916 3051 950 3089 ao
966 3036 1019 3090 mai
1039 3034 1092 3092 310
1106 3036 1240 3112 juaqu'aa
1258 3039 1296 3096 ιδ
1312 3057 1365 3112 ιφ

308 3124 417 3181 tembre
427 3121 464 3178 de
477 3122 503 3177 la
516 3121 607 3176 meme
620 3124 722 3189 annea,
735 3133 765 3177 et
775 3121 930 3178 Melchiade
942 3141 980 3179 ou
990 3123 1116 3180 Miltiade
1127 3124 1227 3200 depuis
1238 3126 1296 3183 lea
1304 3126 1365 3200 jail·

307 3215 346 3270 let
363 3211 412 3269 511
429 3211 560 3286 jusqu’au
580 3228 611 3265 ιο
623 3229 661 3266 ou
676 3231 704 3266 ιι
717 3211 826 3284 janvier
842 3210 904 3279 514.
919 3211 973 3281 Or,
988 3214 1008 3268 il
1022 3224 1065 3270 eat
1082 3214 1216 3289 probabis
1232 3234 1290 3292 que
1302 3220 1367 3272 saint

307 3302 410 3359 Mellon
427 3321 442 3356 a
460 3299 550 3375 plutdt
562 3302 607 3356 ete
622 3300 648 3355 le
666 3301 874 3376 oontemporain
894 3301 942 3357 dea
962 3303 1170 3376 preddoeaaeun
1182 3303 1220 3360 de
1231 3322 1279 3361 eea
1290 3323 1367 3380 pape·

307 3413 362 3470 que
373 3392 584 3458 deux-menen
599 3390 715 3466 puiaque
724 3409 794 3447 noua
803 3408 906 3446 venooa
914 3390 950 3447 de
959 3393 1019 3448 roir
1031 3410 1081 3448 aon
1093 3411 1254 3451 moneam
1262 3399 1366 3470 μὺιιιι

305 3503 341 3541 au
350 3481 455 3540 concile
462 3479 570 3537 d’Arlea
579 3497 614 3535 en
623 3477 690 3550 314,
701 3499 738 3536 on
750 3480 812 3537 doit
820 3498 953 3556 mppuaer
961 3483 1030 3557 qu‘il
1038 3483 1220 3558 etaiterdque
1228 3483 1366 3541 delloan

305 3573 404 3648 depuis
416 3569 537 3646 quelque
550 3579 649 3643 tempe.

341 3664 420 3721 Saiut
432 3660 535 3717 Mellou
548 3660 591 3715 lut
603 3678 639 3715 eu
652 3657 716 3715 etiet
727 3661 850 3729 entare,
866 3661 937 3715 ainai
950 3677 1006 3733 que
1015 3677 1065 3715 aon
1078 3678 1238 3718 monemur
1253 3660 1364 3720 Aridiea

307 3774 343 3811 ou
362 3754 485 3820 Antion,
499 3751 569 3806 daus
581 3769 636 3806 une
648 3760 744 3823 crypta
756 3769 858 3806 encore
869 3751 1004 3806 exiatanoe
1012 3768 1077 3806 aona
1088 3751 1194 3826 l'a'gliae
1205 3752 1365 3811 saut-ow

307 3846 362 3899 vais
374 3842 410 3897 de
423 3842 520 3897 Rouen
534 3843 578 3910 (et
593 3858 649 3914 que
662 3857 730 3894 noua
744 3839 895 3913 regardona
911 3857 1019 3895 comme
1036 3838 1063 3896 le
1080 3840 1143 3914 plus
1158 3842 1256 3898 ancien
1269 3860 1364 3897 mona·

306 3944 383 3989 ment
395 3931 434 3986 du
446 3930 651 3985 christianitate
660 3930 708 4002 qui
722 3947 751 3983 se
763 3939 861 3985 trouve
870 3948 906 3985 en
919 3929 1117 4003 Normandie);
1130 3948 1183 3996 ou.
1194 3949 1267 4006 pour
1279 3930 1365 4006 parter

306 4023 368 4096 plus
380 4016 649 4083 commeatuum
663 4017 688 4072 le
706 4019 847 4074 cimetidre
860 4036 992 4075 commun
1010 4019 1087 4092 plane
1099 4037 1148 4075 aur
1161 4020 1187 4076 le
1203 4019 1276 4076 bord
1295 4019 1363 4075 dela

306 4113 366 4167 soie
375 4112 423 4186 qui
437 4106 592 4164 eonduisait
603 4109 617 4162 a
629 4106 803 4175 lillebonne,
815 4119 844 4164 et
856 4110 892 4162 oia
903 4107 1056 4182 quelqo’un
1068 4106 1104 4163 de
1112 4108 1188 4165 leura
1198 4122 1364 4166 mooeneun
