2768 5094
270 383 329 441 158
546 376 734 439 HISTORIA
755 373 1064 439 Ecctesltsttct.

269 499 425 574 adversis
446 514 484 572 et
503 497 685 598 prosperis
710 511 857 571 strenue
872 495 1088 598 utiliterque
1106 497 1234 587 rexit,
1255 501 1338 601 eique

269 641 320 688 xx
338 614 442 687 annis
463 628 500 689 et
515 638 580 689 vrrr
604 611 807 702 mensibus,
826 640 868 686 ac
890 610 1015 688 diebus
1034 636 1103 688 xvt
1122 613 1340 691 landabilitc

267 732 419 833 praescit
435 733 505 831 (r).
526 733 580 805 De
597 735 697 830 cujus
714 728 897 830 probitate
914 745 952 805 et
967 731 1113 807 eximiis
1129 729 1300 807 moribus
1311 760 1340 806 at

266 852 449 952 prosperis
462 848 664 939 eventibus,
680 866 717 923 et
730 850 887 923 strenuis
899 848 1204 952 admirandisque
1219 851 1340 925 actibu

266 967 483 1043 Guillelmus
508 968 711 1041 Pictavinus
738 967 967 1041 Lexoviensis
993 967 1282 1045 archidiaconus
1298 968 1340 1043 al·

268 1087 425 1161 lluenter
444 1087 628 1173 tractarit,
645 1102 682 1159 et
698 1085 835 1158 librum
851 1086 969 1186 polito
984 1113 1161 1162 sermone
1177 1105 1220 1163 et
1234 1092 1339 1191 magri

266 1231 389 1278 sensus
405 1203 655 1304 profunditate
669 1203 887 1302 praeclarum
900 1202 1012 1278 edidit
1025 1205 1099 1303 (a).
1122 1207 1208 1306 lpse
1224 1208 1254 1280 si
1271 1208 1337 1309 qui-

265 1323 349 1397 dem
364 1321 528 1423 praedicti
552 1322 646 1422 regis
666 1322 870 1422 capellanus
886 1323 998 1423 longo
1015 1338 1191 1423 tempore
1207 1326 1337 1411 extitit,

265 1458 303 1517 et
325 1470 364 1517 ea
390 1467 474 1540 quae
504 1440 618 1514 oculis
643 1440 715 1512 suis
737 1439 869 1512 viderit
897 1456 934 1513 et
955 1438 1090 1541 quibus
1115 1441 1338 1529 interfuerit,
1374 1418 1380 1481 ¹

265 1563 378 1661 longo
393 1560 511 1633 relatu
528 1558 585 1632 rel
608 1559 757 1658 copioso
777 1557 1029 1633 indubitanter
1049 1560 1254 1638 enucleare
1273 1579 1340 1635 stu·

265 1676 368 1767 duit3
387 1677 552 1778 quamvis
573 1673 710 1747 librum
734 1673 913 1776 usquead
936 1675 1048 1750 finem
1074 1677 1175 1777 regis
1196 1676 1341 1753 adversis

266 1793 404 1867 casibus
417 1792 610 1892 impeditus
630 1791 828 1891 perducere
852 1793 1070 1892 nequiverit.
1093 1792 1226 1869 Guido
1246 1796 1341 1869 etiarn

265 1911 398 2012 praesul
423 1908 674 1984 Ambianensis
702 1910 898 1982 metricum
928 1935 1073 1983 carmen
1100 1909 1247 1999 edidit,
1276 1936 1342 2012 qno

264 2028 457 2101 Maronem
483 2042 520 2100 et
543 2027 735 2126 Papinium
752 2042 850 2126 gesta
871 2024 1023 2100 heroum
1043 2044 1251 2128 pangentes
1272 2029 1342 2101 imi·

266 2160 360 2218 tatus
381 2144 586 2221 Senlacium
602 2142 741 2217 bellum
754 2143 961 2245 descripsit,
982 2143 1187 2219 lleraldum
1204 2146 1342 2246 vitupe-

263 2288 347 2334 rans
365 2276 402 2333 et
423 2258 686 2345 condemnans,
709 2258 953 2334 Guillermum
970 2286 1058 2334 vero
1077 2260 1295 2335 collaudans
1311 2276 1343 2336 et

264 2376 532 2478 magnificans(
557 2379 586 2474 ).

300 2655 309 2722 (
316 2673 323 2706 r
329 2667 338 2723 J
357 2652 397 2707 Ce
407 2650 493 2705 calcul
501 2660 542 2705 est
549 2660 636 2716 exact,
647 2668 755 2723 [tourtu
763 2669 818 2727 quc
827 2651 881 2705 l‘on
891 2670 926 2707 ne
933 2651 1012 2720 fasae,
1022 2668 1134 2707 comme
1140 2662 1228 2709 actm
1234 2663 1340 2715 am.

264 2744 353 2815 partir
364 2741 391 2795 lc
404 2742 489 2812 regne
500 2739 536 2794 de
545 2739 708 2795 Guillaume
720 2759 776 2814 que
785 2740 823 2795 du
833 2741 900 2812 jour
913 2740 949 2796 de
961 2759 1011 2797 son
1023 2754 1253 2799 couronneuaent
1262 2743 1341 2815 (M

269 2832 350 2905 1066)
361 2832 471 2906 jusqu'b
484 2850 514 2887 sa
527 2842 601 2885 mort
615 2833 643 2905 (9
657 2831 815 2905 septembre
832 2831 916 2906 1087).

299 2926 338 2994 (a)
356 2924 410 2979 Cet
422 2939 543 2994 ouvrage
554 2920 589 2975 dc
598 2920 762 2977 Guillaume
774 2920 809 2977 de
823 2921 942 2976 Poitiers
953 2930 995 2975 est
1003 2920 1118 2976 intitnle
1130 2946 1136 2975 :
1156 2920 1251 2979 Gesta
1265 2923 1342 2981 Grn'I·

265 3016 343 3069 lelmi
357 3015 437 3068 (lucis
454 3013 684 3068 Nor-marmorum
703 3022 730 3067 et
751 3016 825 3084 regis
840 3014 1009 3085 duplorum.
1028 3012 1180 3068 Dncbesne
1199 3013 1237 3070 l'a
1254 3014 1344 3087 puldie

265 3103 333 3158 dans
343 3121 392 3157 son
404 3103 520 3156 Reruea'l
529 3101 579 3155 des
590 3101 749 3157 Historiens
758 3102 921 3169 remanda,
935 3103 1004 3158 mais
1013 3101 1123 3175 d’apres
1136 3121 1178 3158 un
1192 3103 1343 3159 manuni

264 3193 536 3249 malbeureusemcnt
550 3192 606 3246 fort
621 3191 782 3265 incomplet.

299 3281 340 3353 (3)
358 3283 431 3350 cut,
443 3282 547 3356 erdquc
559 3280 718 3351 d’Amiens,
732 3282 822 3356 parait
833 3283 910 3337 avoir
919 3285 963 3337 e'te
974 3281 1016 3337 sals
1027 3300 1065 3338 ou
1075 3282 1209 3356 petit-fils
1219 3283 1257 3340 de
1267 3285 1341 3343 Gau·

262 3374 319 3428 tier
335 3372 378 3441 11,
399 3382 491 3427 comte
508 3369 652 3428 d'Anriens
669 3383 700 3427 et
720 3372 755 3428 de
774 3373 880 3440 Vexin,
902 3383 931 3427 et
951 3391 1002 3446 par
1021 3375 1196 3447 consequent
1213 3376 1292 3433 frere
1307 3394 1341 3431 οι

263 3480 352 3519 neveu
369 3463 404 3517 de
422 3462 547 3536 Foulque
568 3463 612 3530 l‘',
635 3481 684 3518 son
704 3462 909 3537 predecesteur,
925 3462 1027 3538 auquel
1045 3462 1065 3518 il
1081 3462 1202 3519 succeda
1217 3466 1342 3523 mate

263 3551 298 3609 αὖ
312 3556 366 3608 mai
380 3552 456 3629 1059.
469 3555 509 3609 En
524 3554 604 3622 1068,
619 3555 851 3628 decempagos,
866 3573 902 3610 en
911 3553 1017 3629 qualite
1026 3553 1212 3625 d’aumdnier,
1226 3555 1256 3613 la
1267 3558 1342 3614 aeine

264 3643 401 3698 ttathitde
420 3643 489 3697 dans
508 3662 558 3698 son
578 3662 681 3717 voyage
701 3643 905 3716 d'Angleterre.
926 3643 950 3698 ll
971 3654 1087 3699 mourut
1104 3662 1168 3700 tera
1189 3644 1270 3722 ποῖὰ
1286 3644 1342 3703 Su

263 3741 361 3806 poeme
374 3734 442 3788 etait
455 3738 584 3808 compost·
600 3744 681 3789 arant
695 3733 721 3788 le
738 3752 841 3806 voyage
857 3733 893 3789 de
911 3733 987 3790 1068.
1007 3734 1061 3790 Cet
1078 3751 1216 3809 ouvrage,
1236 3733 1341 3792 docti!

262 3822 376 3877 n’existe
388 3823 474 3896 qu'un
488 3825 640 3879 manuscrit
652 3823 804 3897 incomplct
816 3826 831 3878 a
844 3823 871 3878 la
880 3822 1074 3897 bibliotheque
1086 3821 1122 3877 de
1135 3822 1298 3893 Bruxellea,
1309 3842 1342 3879 ra

262 3908 372 3965 bientot
390 3912 449 3966 etue
470 3911 565 3986 public
586 3911 693 3986 parles
716 3913 791 3967 scius
811 3910 847 3967 de
868 3913 935 3967 ΜΜ.
959 3910 986 3967 lc
1006 3914 1165 3986 professeur
1185 3913 1296 3971 stimet
1313 3922 1342 3969 et

263 3988 393 4058 Fdouard
414 4004 512 4071 Fcere,
533 4006 549 4058 t
571 4005 620 4078 qui
642 4021 713 4059 nous
730 4003 833 4061 decons
852 4003 915 4077 dejt
936 4014 998 4061 tant
1011 4003 1132 4060 d’autma
1151 4003 1344 4080 publicatione

262 4090 346 4147 utiles
357 4110 430 4166 pour
442 4091 545 4148 l'etude
563 4090 600 4147 dc
612 4103 693 4148 notre
711 4093 835 4150 histoire.
855 4095 896 4151 Ce
912 4101 1024 4170 poene,
1044 4096 1116 4151 ecrit
1131 4112 1167 4151 en
1186 4094 1342 4173 dintiqna,

263 4178 326 4237 linit
339 4180 540 4258 bmeqqement
551 4180 620 4237 dans
633 4182 659 4239 le
670 4185 825 4240 manuscrit
836 4183 871 4238 de
884 4183 1025 4240 bruxelles
1034 4203 1070 4239 au
1082 4201 1143 4239 vera
1156 4181 1227 4251 855,
1238 4186 1342 4261 qu’cn
