2768 5094
292 391 349 450 ios
564 385 749 446 ursionis
770 382 1075 446 necessumst.
1168 388 1340 465 [mirsi

337 502 1341 593 lX.ErnaldusdeEsoelfoio,WillermiGeroianililim

288 638 481 724 postquam
501 619 546 696 de
565 620 695 720 Apulia
720 647 890 721 prospere
914 621 1108 711 remeavit,
1123 621 1343 697 Willesmn

289 737 416 811 ducem
437 734 544 824 adiit,
567 737 671 837 eique
692 737 986 836 preciosissimam
1003 737 1143 836 pallam
1166 754 1344 839 ptume

289 857 360 943 vit,
383 880 553 954 suamque
573 852 619 928 ab
646 855 723 954 ipso
751 854 937 929 humiliter
962 854 1223 931 hereditatem
1249 860 1345 960 isqui

289 972 387 1044 sivit.
424 970 503 1042 Dux
536 987 658 1044 autem
692 971 921 1045 considerans
952 970 1192 1047 nobilitatem
1230 972 1297 1047 viri
1322 990 1347 1046 et

291 1092 473 1190 ingentem
499 1087 736 1187 probitatem,
759 1087 991 1187 recolensque
1012 1114 1115 1162 susm
1140 1104 1278 1163 conos
1298 1090 1347 1165 cs

291 1232 493 1284 nomannos
505 1223 543 1283 et
556 1206 738 1291 Britones,
750 1207 909 1307 aliosque
922 1203 990 1276 sibi
1006 1206 1222 1281 resistentoe
1235 1205 1350 1307 probo

290 1352 373 1398 rum
392 1324 550 1396 militum
562 1325 795 1423 paucitatem,
809 1326 883 1422 jam
899 1322 1016 1396 lenior
1028 1321 1184 1397 eflecsm
1201 1325 1237 1398 ei
1251 1338 1351 1399 intus

290 1439 462 1525 indulsit,
482 1438 643 1541 datisque
664 1440 817 1514 induciis
839 1438 1100 1539 patrimonium
1120 1465 1237 1513 snum
1257 1466 1295 1513 se
1311 1439 1351 1513 illi

290 1555 515 1630 redditurum
542 1558 760 1657 spopondit,
783 1573 821 1631 et
840 1580 954 1657 usque
971 1555 1017 1629 ad
1034 1571 1221 1631 statutum
1239 1557 1353 1633 tani-

291 1701 382 1747 num
407 1702 472 1774 per
502 1690 636 1749 terram
665 1702 765 1749 suam
794 1673 903 1749 eundi
934 1688 971 1748 et
1002 1671 1180 1749 redemti
1215 1672 1353 1749 libem

290 1792 518 1866 securitatem
545 1793 734 1868 concessit.
773 1790 952 1865 Ernsldus
982 1792 1107 1892 itaque
1136 1816 1234 1867 mna
1266 1790 1354 1865 (luds

289 1907 528 2007 promissione
556 1922 722 2008 percepta
752 1907 893 1982 letatus
920 1922 974 1980 est
986 1958 999 1994 ,
1033 1904 1094 1979 sed
1126 1903 1292 1993 frustra,
1322 1924 1353 1977 ut

290 2024 400 2123 paulo
426 2040 510 2126 post
536 2020 770 2101 dilucidatum
799 2037 865 2098 est.
892 2022 989 2097 Nam
1012 2019 1163 2095 Mobilis
1183 2021 1354 2095 Talasseii

290 2139 362 2212 filia
387 2140 509 2214 letbali
533 2167 673 2216 veneno
695 2140 817 2214 cibum
838 2154 874 2213 et
890 2150 1018 2237 potum
1041 2135 1183 2225 iniecit,
1208 2162 1355 2237 eumque

289 2254 377 2328 dum
398 2255 443 2329 ‹le
465 2258 562 2329 curis
582 2256 682 2330 discis
705 2257 744 2329 in
765 2255 918 2328 Galliam
937 2252 1263 2339 remearemefici
1283 2256 1354 2353 jus-

291 2370 337 2442 sit
343 2398 355 2457 ;
370 2369 431 2442 sed
446 2371 496 2443 illi
512 2398 577 2471 per
589 2370 779 2471 quemdam
794 2371 949 2445 amicum
964 2395 1068 2443 suum
1082 2367 1158 2443 doli
1172 2370 1354 2443 conscium

290 2500 432 2557 tantum
445 2486 543 2559 nefas
561 2488 736 2561 innotuit.
750 2486 856 2561 Unde
869 2485 956 2559 dum
972 2483 1068 2586 spud
1082 2482 1304 2559 Fscslfoium
1317 2482 1354 2557 ad

290 2602 463 2702 quosdam
487 2605 619 2679 amicos
636 2632 727 2681 suos
753 2605 1034 2703 colloqueretur,
1061 2617 1098 2676 et
1121 2628 1142 2674 a
1166 2598 1354 2677 clientibus

291 2717 451 2817 praelatae
470 2719 631 2803 mulieris
646 2720 689 2794 ad
707 2722 914 2795 ootivirium
929 2746 1012 2794 cum
1027 2744 1166 2791 summa
1182 2742 1295 2817 prere
1309 2717 1355 2789 in

289 2837 477 2926 vitaretur,
503 2864 644 2917 memor
661 2840 767 2912 amici
791 2838 959 2937 jussionis
983 2835 1191 2909 nullatenus
1211 2832 1355 2936 adquie-

290 2955 365 3042 vit,
392 2954 452 3029 sed
477 2958 630 3032 omnino
656 2956 780 3030 cibum
804 2972 841 3031 et
866 2972 1016 3055 potum,
1048 2954 1085 3025 in
1112 2978 1191 3053 quo
1220 2951 1353 3027 letbuut

292 3071 403 3145 inesse
427 3072 629 3162 metuebat,
652 3074 865 3172 repudiarit.
883 3072 1018 3147 Verum
1038 3067 1267 3145 Gislebertus
1287 3068 1354 3143 l'n·

289 3200 345 3261 ter
361 3188 504 3289 Rogerii
527 3187 571 3263 de
593 3190 919 3264 Monte-Gomerici
930 3242 942 3278 ,
960 3189 1023 3290 qui
1046 3183 1266 3286 predictum
1285 3185 1353 3257 Er-

291 3302 439 3377 naldum
461 3306 705 3399 conducebat,
726 3321 852 3405 utpote
869 3307 933 3406 qui
955 3305 1097 3405 penitus
1119 3300 1196 3377 doli
1216 3302 1352 3375 nescius

289 3438 383 3508 eant,
404 3421 579 3524 scyphum
596 3425 750 3523 accepit,
769 3450 876 3523 super
890 3446 1023 3523 cqsmm
1040 3417 1200 3491 residens
1215 3442 1351 3489 merum

289 3534 403 3627 bibit,
422 3555 458 3613 et
472 3567 611 3617 veneno
626 3543 779 3615 inlectus
796 3539 889 3640 apud
906 3536 1162 3611 Raimalastum
1174 3533 1234 3632 (t)
1253 3535 1350 3607 tertia

288 3653 345 3728 dic
370 3655 475 3729 obiit.
496 3659 555 3731 Sic
573 3658 706 3758 perfida
725 3658 854 3730 mulier
870 3655 956 3728 dum
972 3654 1091 3727 mariti
1109 3654 1164 3725 sui
1183 3651 1351 3727 emulum

288 3774 497 3872 extinguere
517 3777 680 3874 putavit,
705 3776 824 3847 mariti
848 3775 900 3847 sui
924 3774 1071 3844 unicum
1094 3768 1268 3856 fratrem,
1292 3768 1350 3868 qui

288 3887 401 3957 inulta
418 3887 601 3962 honestate
620 3891 656 3961 in
675 3891 779 3962 annis
795 3888 1043 3963 adolescentiae
1055 3900 1093 3959 et
1104 3884 1263 3985 equestri
1277 3908 1352 3983 pro

297 4058 760 4073 t---——--—o--=·—-———..---
771 4068 779 4073 .
800 4066 853 4075 n...-
869 4066 907 4073 .--
922 4062 1082 4071 ---—.——---
1105 4060 1121 4067 ·-
1131 4054 1351 4067 --t-O—-¹''

326 4152 365 4218 (r)
384 4149 531 4207 Resnslsrd
545 4154 655 4225 (tlrnel.
