2768 5094
140 404 249 477 noan
419 396 536 463 nisan
557 398 737 463 tenuius.
1071 406 1115 468 aa

140 544 190 591 em
205 519 243 589 in
259 518 381 618 primo
394 543 493 593 anno
504 519 560 592 sui
576 520 762 619 regiminis
775 519 877 621 (quia
889 536 992 594 actm
1003 523 1115 597 eccle·

140 662 225 735 uam
239 651 383 708 sanctus
396 632 572 709 Ebrullus
584 652 853 727 construxerat,
866 660 973 737 parva
989 654 1026 712 et
1036 666 1113 714 naa

141 753 150 823 i
173 753 293 851 operis
312 752 414 850 erat)
439 752 623 852 ingentem
643 749 825 825 basilicam
849 753 1112 857 insigniopere

142 886 175 957 t,
195 896 306 971 quam
329 871 366 942 in
386 867 527 947 honore
546 885 678 943 unctae
694 869 760 945 nei
781 870 967 969 genitricis
987 872 1112 948 Mariae

140 1016 270 1073 ruere,
296 989 491 1090 multisque
513 1004 720 1071 sanctorum
746 987 918 1063 altaribus
941 990 1113 1091 ampliare

140 1108 213 1181 nit.
238 1106 329 1179 Nam
351 1121 503 1206 propter
524 1104 694 1206 reliquias
714 1116 946 1199 sanctorum,
967 1134 1050 1211 quoe
1071 1110 1110 1183 in

141 1224 152 1297 i
169 1225 313 1299 eccleaia
331 1221 556 1322 temporibus
573 1224 685 1297 sancti
698 1222 841 1298 Ebrulli
857 1224 1013 1301 conditoe
1025 1244 1111 1302 sunt

140 1366 255 1419 torum
269 1343 432 1430 nomina,
444 1342 500 1415 ael
512 1357 623 1443 gesta,
635 1369 696 1416 seu
707 1343 782 1418 loca
795 1343 1031 1444 depositionis
1041 1371 1111 1447 pro

140 1459 252 1533 nitate
269 1461 484 1559 ignorantur
495 1458 541 1533 ab
558 1458 613 1532 his
624 1461 688 1560 qui
705 1461 916 1562 supersunt]
932 1461 1110 1564 disposuit

140 1602 170 1649 m
180 1578 295 1650 aeslem
307 1592 380 1649 tam
395 1600 559 1676 magnam
573 1574 702 1665 lacere,
712 1592 754 1649 nt
766 1593 941 1652 vetustam
954 1580 1110 1655 omnino

140 1693 299 1782 mdaret,
324 1708 362 1768 et
387 1719 464 1767 ossa
489 1718 551 1769 scu
571 1693 749 1767 mausolea
775 1712 1004 1785 sanctorum,
1025 1721 1109 1798 quse

140 1836 174 1884 m
189 1810 322 1899 latent,
336 1836 477 1910 semper
489 1808 691 1884 honorifice
703 1812 921 1887 contineret.
937 1814 1005 1887 Sed
1020 1841 1110 1915 pro-

150 1926 877 2003 tribnlationumincumbentibnscessarc
889 1930 1109 2034 abincoepto

140 2062 315 2121 ecoactns'
335 2064 410 2134 est,
433 2045 533 2146 qnod
555 2043 679 2121 nullus
704 2070 950 2121 successorum
970 2051 1045 2147 ejus
1067 2076 1108 2125 ea

141 2189 205 2235 ura
223 2165 278 2236 acl
303 2163 433 2237 ordine
455 2187 516 2237 seu
539 2160 644 2253 loco,
659 2185 735 2264 quo
756 2164 831 2263 ipse
847 2161 1107 2255 destinaverat,

140 2282 208 2382 qui
228 2308 332 2354 ansus
348 2296 414 2354 est.
619 2278 622 2283 ’

140 2425 197 2474 ino
210 2398 256 2472 ab
274 2400 521 2473 incarnatione
535 2397 682 2472 Domini
696 2410 802 2473 ,ιω
816 2398 1015 2477 indictione
1028 2417 1107 2477 xm·

140 2515 215 2587 icus
232 2540 294 2587 rex
309 2515 532 2589 Francorum
545 2528 629 2615 post
643 2513 776 2587 multas
795 2512 1012 2615 probitates,
1027 2520 1108 2620 qui·

140 2658 160 2705 n
177 2658 291 2731 regno
308 2631 464 2732 gloriose
478 2631 612 2731 riguit,
632 2631 820 2731 potionem
837 2657 855 2704 a
872 2630 1013 2708 ioanne
1027 2656 1109 2708 ωε-

140 2748 365 2837 Damotensi,
380 2747 444 2850 qui
459 2772 503 2821 ex
520 2762 652 2821 eventu
666 2744 803 2820 Sunius
822 2749 1109 2849 cognominaba-

140 2892 196 2967 tpe
219 2866 394 2967 longioris
416 2881 453 2940 et
476 2865 628 2939 sanioris
645 2865 730 2938 ritae
752 2865 903 2965 accepit.
933 2865 1001 2941 Sed
1022 2871 1108 2970 quia

144 3008 212 3057 sno
230 2986 342 3082 magis
363 3008 469 3084 qnam
488 2996 673 3083 precepto
695 2980 864 3055 archiatri
888 2979 1110 3058 obsecunda·

140 3112 170 3173 rt
190 3125 337 3201 aquam
358 3097 446 3171 dum
464 3124 605 3173 acneno
625 3099 781 3171 rimante
804 3098 976 3173 interiora
999 3100 1107 3173 nimis

140 3233 244 3307 etur,
260 3217 351 3289 clam
368 3242 387 3287 a
406 3213 630 3289 cubiculario
645 3214 770 3288 sitiens
786 3216 970 3314 poposcit,
988 3214 1107 3291 medi·

140 3362 155 3407 e
170 3335 360 3434 ignorante
375 3349 459 3407 ante
473 3334 725 3434 purgationem
739 3329 833 3404 bibit
847 3362 856 3404 ε
870 3335 963 3432 pmii
979 3332 1105 3409 dolor!

140 3453 290 3526 tatinum
301 3477 383 3524 cum
398 3475 529 3551 magno
541 3448 742 3523 multorum
755 3472 915 3523 moerore
925 3448 1020 3524 obiit
1038 3451 1105 3549 (a).

140 3595 186 3643 :ra
218 3570 439 3645 fraracorum
470 3567 639 3667 Philippo
666 3564 741 3641 lilio
777 3590 866 3655 suo,
890 3566 952 3666 qui
991 3563 1106 3641 adhuc

142 3685 237 3761 libus
265 3689 369 3760 aratris
391 3682 635 3770 detinebatur,
661 3682 834 3783 reliquit,
867 3697 903 3755 et
929 3680 1107 3757 Balduino

140 3802 308 3874 lrensium
334 3802 415 3873 (litei
442 3825 593 3900 puerum
619 3822 700 3871 tum
719 3823 833 3899 regno
851 3799 895 3869 td
913 3796 1106 3872 tutandum

140 3918 315 3991 neaadanit.
336 3915 547 4017 llnjnsmodi
565 3916 674 3988 tutela
691 3930 793 3988 tanto
806 3912 887 3988 duci
902 3913 994 3991 bene
1007 3941 1106 3991 com·

140 4088 326 4101 *nm-n..
350 4089 361 4099 ο
431 4090 448 4097 -ι
465 4088 489 4097 ..-
528 4088 578 4095 .ι-
603 4084 1069 4097 ..n--uan—--fiu———ssan

140 4181 164 4231 ἰ
181 4197 277 4249 prame
292 4198 325 4232 nr
340 4189 452 4231 aurierant
467 4196 514 4250 pas
524 4194 559 4229 cn
577 4174 658 4248 πώς),
673 4178 742 4229 anais
757 4173 905 4247 leapaodt
922 4172 997 4228 rufin
