2768 5094
151 374 210 432 238
427 368 607 429 lllSTOth
629 369 935 434 ECCLESltsTICt.
1119 380 1221 459 [1⁰7¹]

154 493 254 565 tricis
263 515 402 587 semper
414 488 573 589 Virginis
580 491 716 580 Martae,
732 495 790 565 cui
798 492 982 569 lohannes
991 496 1160 596 ejusdem
1171 522 1223 571 nr·

153 605 209 680 bis
221 604 506 705 archiepiscopus
518 621 688 705 praeertt,
703 622 739 680 et
751 610 899 707 vestigia
913 610 1070 684 Petrum
1081 628 1223 687 secutus

154 722 301 796 utilitati
315 720 558 795 ecclesiasticae
572 720 792 798 omnimodis
803 724 1034 815 consulebat,
1046 734 1145 801 'cnm
1157 728 1223 803 sul-

153 840 331 941 fraganeis
345 840 417 911 suis
434 871 442 910 ε
457 836 584 914 Odone
596 841 800 939 anoccnsi,
814 842 967 941 lingone
986 845 1220 943 luxoviensi,

155 956 341 1031 Radberto
362 954 519 1145 Se'ensi
531 1008 543 1045 ,
570 953 751 1057 Michndlsff
762 952 1014 1031 Abrincntensi
1041 975 1083 1033 et
1104 959 1221 1059 (lish-

40 1100 47 1115 ·
154 1074 260 1148 berto
275 1071 386 1146 Ehror
431 1071 485 1142 nsi
500 1071 571 1169 (t).
587 1072 629 1145 ln
643 1069 769 1171 primis
784 1072 1006 1172 disputatum
1021 1090 1081 1149 est
1092 1075 1141 1151 de
1156 1074 1221 1151 fide

154 1205 286 1263 sanctae
303 1204 340 1262 et
360 1185 553 1261 individuae
571 1187 776 1275 Trinitatis,
791 1198 911 1290 ¹{ruem
927 1192 1134 1267 secundnm
1153 1208 1222 1267 sta-

154 1321 232 1378 tuta
253 1318 460 1377 sanctorum
481 1303 719 1378 obnciliorum
740 1337 750 1377 ε
779 1304 914 1379 scilicet
940 1307 1100 1397 Niceni,
1129 1309 1223 1384 fon-

154 1406 494 1519 stantiuopalitaui,
533 1421 639 1518 primi
669 1419 876 1519 Ephraim,
919 1421 1223 1499 Chalcedooenn's

61 1576 66 1597 ·
155 1538 299 1614 concilii
326 1534 672 1623 corroboraverunt,
700 1554 918 1625 sanxerunt,
944 1566 981 1612 se
1009 1554 1095 1617 toto
1115 1542 1222 1617 corde
1241 1532 1249 1539 ¹

155 1656 300 1731 credere
315 1654 464 1755 professi
481 1669 579 1727 sunt.
603 1655 689 1727 Post
706 1653 798 1728 huuc
820 1654 1007 1731 catholicae
1023 1656 1111 1732 fidei
1133 1686 1223 1759 prn-

154 1774 363 1865 lcssionem,
381 1784 518 1845 annexa
532 1787 618 1843 sunt
632 1769 709 1843 haec
724 1769 923 1873 subscripta
935 1774 1129 1849 catholicae
1141 1776 1221 1855 fidei

153 1891 331 1966 doctrinae
350 1887 518 1997 capitula.

203 2008 396 2108 Inprimis
419 2021 592 2078 statutum
610 2022 662 2077 est
685 2031 710 2076 a
731 2004 835 2077 nobis
856 2024 896 2077 ut
914 2006 1123 2081 secundum
1140 2026 1220 2083 sta·

155 2145 234 2201 tuta
257 2120 432 2213 Patrdm,
454 2122 659 2198 chrismatis
679 2140 714 2195 et
732 2122 807 2197 olei
825 2122 1055 2227 baptismus
1075 2144 1115 2199 et
1138 2154 1222 2203 unc.

155 2247 263 2318 tionis
287 2243 509 2316 consecratio
530 2244 744 2342 competenti
766 2239 858 2313 hora
875 2232 1015 2315 :idest
1031 2260 1123 2344 post
1138 2242 1222 2319 No-

154 2386 241 2433 nam
256 2357 457 2431 secundum
475 2372 612 2427 statuta
630 2371 840 2428 sanctorum
860 2356 1115 2459 Patrumfiat.
1140 2360 1223 2439 Hac

152 2477 263 2547 etiam
278 2471 384 2546 debet
395 2473 588 2573 episcopus
601 2470 801 2571 praendere
817 2488 856 2544 ut
871 2473 911 2545 in
927 2474 1011 2573 ipsa
1028 2500 1223 2549 consm-

154 2583 250 2664 tionc
263 2613 315 2661 xu
335 2588 542 2661 sacerdotes
562 2587 851 2662 sacerdotalibus
870 2589 1032 2663 uestibus
1046 2591 1219 2681 r'rrdutos,

152 2707 216 2780 vel
233 2704 468 2805 quamplures
484 2730 608 2776 secttm
626 2700 773 2776 lrabeat.

201 2822 291 2894 Item
308 2829 347 2892 t'n
360 2818 579 2920 quibusdam
589 2820 785 2920 provinciis
801 2846 880 2893 mos
897 2819 1125 2897 detestabilis
1139 2827 1222 2897 ino-

153 2940 254 3028 letu't,
274 2938 373 3039 quod
387 2936 540 3036 quidam
556 2936 815 3010 archidiaconi
824 2954 971 3037 pastore
985 2956 1155 3015 carentes
1171 2940 1222 3015 ab

153 3059 280 3158 aliquo
302 3061 474 3157 episcopo
489 3055 697 3156 particulas
719 3054 794 3126 olei
815 3071 849 3126 et
876 3052 1086 3129 canineam
1112 3060 1221 3132 acei-

148 3178 275 3277 piunt,
299 3191 335 3246 et
357 3175 409 3244 ita
430 3172 510 3245 oleo
528 3198 596 3245 suo
613 3176 862 3260 commiscent,
881 3172 984 3272 quod
999 3192 1034 3245 st
1056 3176 1221 3249 damna·

154 3312 228 3367 tum
251 3310 316 3366 cst.
337 3291 414 3365 Sed
436 3292 681 3391 unusquisque
700 3289 984 3364 arclu'diaconus
1004 3290 1166 3366 chrisma
1187 3312 1221 3367 et

152 3413 270 3485 alcum
286 3438 392 3484 suum
409 3427 522 3483 totum
540 3413 727 3510 episcopo,
747 3434 771 3479 α
790 3434 862 3507 quo
879 3408 1164 3497 consecrabitur,
1182 3428 1220 3482 ut

149 3530 303 3629 proprio
325 3528 496 3628 episcopo
509 3540 714 3626 preasentet.

202 3645 293 3716 Item
307 3642 512 3716 cluismatis
526 3656 560 3711 et
572 3640 646 3713 olei
655 3638 860 3712 distributio
873 3668 897 3711 u
911 3639 1063 3713 decanis
1074 3666 1217 3715 summa

937 3842 1208 3855 ——----—

186 3960 195 4027 (
202 3978 209 4011 ι
215 3968 224 4028 J
242 3958 283 4013 Co
294 3954 399 4010 concilo
412 3954 480 4007 n'est
490 3970 581 4007 counu
589 3970 645 4025 quc
660 3970 708 4024 par
723 3951 747 4005 la
760 3955 950 4007 contemtion
962 3951 999 4007 de
1011 3968 1055 4007 tet
1066 3952 1217 4011 semd-

153 4050 178 4102 lr
191 4059 265 4103 texte
278 4047 313 4101 dc
328 4056 408 4101 notre
420 4054 528 4098 auteur.
543 4044 591 4099 On
607 4042 632 4097 le
644 4054 741 4097 uoure
754 4045 884 4099 transcrit
899 4043 969 4099 tlnns
982 4042 1024 4097 lu
1036 4042 1157 4101 merant·
1170 4042 1217 4099 ὼ

151 4137 269 4191 concils-s
282 4135 316 4188 dc
332 4131 500 4187 Narmamlie
512 4132 619 4206 nubliis
632 4152 681 4204 par
690 4131 755 4186 ‹lom
769 4133 948 4204 pommeraye
960 4143 987 4187 et
1000 4131 1067 4187 doru
1081 4131 1188 4189 Beuin.
