2768 5094
287 390 327 446 ro
562 381 747 442 nrsrornl
769 379 1078 441 eccursnsrrcl.
1254 384 1354 459 [1050]

289 508 381 593 tuit,
411 521 519 604 atque
547 501 590 575 ad
619 503 798 575 infantum
825 502 1070 603 magisterium
1096 516 1134 573 et
1162 499 1208 572 ad
1236 528 1354 575 curam

287 622 482 695 claustralis
503 621 684 719 prioratus
703 619 871 693 tuendam
888 619 1085 719 promovit.
1111 618 1253 692 Deinde
1269 621 1354 693 sicut

286 736 531 838 supradictum
552 751 605 809 est
616 791 627 825 ,
648 735 740 809 idem
758 738 815 809 vir
833 737 978 811 Domini
1006 753 1169 836 tempore
1187 736 1353 811 Rotberti

280 853 423 927 abbatis
439 852 483 928 de
500 855 724 928 Gemmetico
741 871 944 953 assumptus
961 869 1034 943 est,
1050 871 1087 928 et
1103 855 1271 928 Uticensi
1289 882 1354 929 uo·

284 972 388 1044 vellae
403 969 557 1044 abbatiae
573 971 744 1069 praelatus
761 986 813 1044 est
833 998 930 1046 anno
947 970 993 1043 ab
1013 972 1266 1047 incarnatione
1282 976 1354 1048 Do-

284 1089 376 1162 mini
396 1099 462 1162 nt⁰
486 1089 561 1160 ind.
584 1101 649 1176 rv·,
673 1088 736 1188 qui
761 1104 837 1161 erat
855 1115 970 1159 annus
988 1101 1078 1161 x1x⁰⁸
1095 1090 1246 1162 Henrici
1266 1093 1352 1190 regis

284 1210 527 1297 Francorum,
546 1221 582 1279 et
600 1217 674 1278 xv⁰³
691 1204 837 1278 ducatus
854 1205 1040 1279 Willermi
1057 1204 1158 1278 ducis
1176 1204 1350 1280 Normau

284 1347 431 1397 norum.

332 1439 388 1514 Ad
414 1443 731 1516 constructionem·
750 1467 836 1516 vero
866 1465 971 1515 novae
997 1441 1125 1513 domus
1152 1439 1349 1514 Rodullum

284 1576 455 1658 nepotem
476 1587 581 1632 suum
603 1576 639 1634 et
657 1563 847 1661 Hugonem
873 1575 1076 1646 cantorem,
1096 1558 1259 1660 aliosque
1281 1560 1349 1633 ido

283 1700 371 1747 neos
381 1675 523 1763 fratres,
539 1677 715 1774 permissu
723 1673 862 1748 abbatis
874 1676 926 1747 sui
937 1671 981 1748 de
996 1674 1224 1748 Gemmetico
1234 1702 1347 1751 secum

281 1790 442 1864 adduxit.
463 1794 556 1863 Cum
577 1791 732 1897 quibus,
757 1806 794 1865 ct
810 1817 876 1891 per
891 1816 983 1893 quos
1010 1791 1211 1891 regularem
1231 1792 1346 1865 obser·

281 1911 459 1998 santiam,
480 1926 517 1983 et
535 1910 736 1983 modestum
757 1910 936 2009 rigorem,
955 1923 1147 2007 aptamque
1166 1910 1297 1982 seriem
1314 1908 1344 1979 in

279 2022 405 2101 divino
428 2026 529 2099 cultu
553 2026 736 2099 ferventer
759 2028 887 2100 erexit.
912 2025 1070 2098 niversae
1091 2041 1213 2097 autem
1239 2026 1344 2098 aetatis

280 2161 316 2217 et
337 2145 520 2246 qualitatis
542 2145 584 2217 ad
607 2146 881 2219 conversionem
899 2144 1082 2216 venientes
1106 2146 1289 2243 suscepit,
1314 2160 1344 2215 et

278 2261 476 2334 secundum
492 2262 653 2361 regulam
667 2263 704 2332 S.
722 2264 833 2360 patris
846 2259 1028 2334 Benedicti
1043 2258 1240 2359 diligenter
1252 2263 1344 2335 insti·

279 2379 363 2450 tuit.
381 2377 472 2449 Nam
493 2381 566 2476 ipse
584 2379 620 2449 in
638 2379 766 2476 primis
783 2376 1006 2451 Gunfridum
1023 2393 1060 2451 et
1079 2378 1296 2451 Rainaldum
1313 2395 1344 2450 et

276 2495 474 2570 Fulconem
493 2493 608 2567 filium
626 2495 796 2568 Fuleonis
810 2493 955 2582 decani,
975 2494 1135 2595 aliosque
1149 2497 1342 2571 nonnullos

274 2615 517 2712 grammaticae
534 2614 621 2684 artis
636 2615 772 2713 peritos
790 2615 828 2685 in
844 2611 964 2686 schola
978 2612 1111 2686 Christi
1128 2615 1342 2689 emendatio

278 2756 362 2803 nem
385 2736 469 2803 vitae
489 2730 677 2804 humiliter
693 2730 831 2804 docuit.
851 2730 1036 2803 Riculsum
1056 2758 1205 2833 quoque
1226 2759 1341 2807 senem

271 2863 313 2919 et
338 2848 535 2947 Rogerium
554 2850 708 2921 rusticos
726 2847 957 2948 presbyteros
980 2864 1015 2921 et
1032 2849 1246 2923 Durandum
1265 2849 1342 2926 lror·

273 2964 440 3036 tolannm
457 2979 494 3037 et
511 2964 742 3039 Goislredum
759 2981 868 3066 atque
884 2964 1067 3054 0lricnm,
1084 2966 1245 3068 aliosque
1262 2971 1342 3040 sim·
1383 2946 1384 2952 ἵ

276 3080 385 3179 pliees
413 3080 607 3181 discipulos
634 3083 841 3181 benigniter
866 3086 1044 3157 tractavit.
1073 3085 1122 3155 Et
1147 3087 1233 3185 quia
1261 3113 1341 3186 pro·

275 3197 386 3270 funda
403 3199 670 3298 Scriptumrum
689 3215 913 3299 syntagmata
927 3202 1111 3300 percipere
1129 3201 1339 3301 nequibant,

276 3315 367 3390 lacte
394 3317 442 3417 pii
471 3314 636 3392 hortatus
660 3315 815 3389 dulciter
839 3318 936 3414 parit
950 3346 960 3403 ;
991 3333 1027 3389 et
1052 3318 1184 3388 sanetis
1208 3319 1342 3390 actibus

274 3435 447 3522 ostensis,
471 3436 507 3506 in
528 3433 597 3508 fide
618 3450 654 3507 et
672 3434 846 3533 religione
867 3431 1060 3505 salubriter
1078 3432 1339 3506 corroborarit.

276 3551 353 3648 lpse
376 3554 484 3623 etiam
507 3550 728 3624 llerbertum
752 3566 788 3623 et
813 3551 1091 3649 Berengarium,
1110 3547 1340 3624 Goscelinunr

274 3680 311 3738 et
328 3668 548 3755 Rodulfnm,
568 3666 812 3752 Gislebertum
832 3684 866 3741 et
885 3667 1127 3755 Bernardum,
1150 3669 1339 3741 Ricardum

274 3798 311 3853 ct
329 3781 582 3867 willermum,
608 3784 766 3882 aliosque
786 3784 905 3881 plures
930 3782 1039 3855 bonae
1059 3783 1191 3855 indolis
1213 3810 1342 3882 pucros

140 3993 150 4012 ·
273 3898 466 3996 diligenter
485 3901 658 3971 instruxit
684 3903 719 3972 in
741 3902 850 3974 domo
875 3901 1019 3972 Domini
1043 3901 1084 3972 ad
1108 3900 1201 3972 benc
1224 3903 1341 4003 legen-

95 4036 177 4109 ⁸·..·
274 4012 383 4101 dum,
404 4016 446 4086 ad
465 4016 687 4103 canendum,
709 4018 751 4088 ad
770 4016 1020 4106 scribendum,
1047 4017 1143 4090 etad
1162 4018 1227 4090 alia
1249 4018 1339 4091 ltona

94 4155 98 4161 ”
124 4113 130 4124 ’
205 4106 256 4237 ο.
276 4133 409 4223 studia,
431 4162 513 4236 quae
537 4138 646 4209 serris
664 4137 727 4210 Dei
753 4164 872 4208 reram
899 4134 1073 4210 theoriam
1095 4137 1341 4236 quaerentibus
