2768 5094
151 383 193 441 92
428 379 613 441 HISTORIA
634 379 939 443 hcctmlssrtcs.
1018 385 1227 466 [10604003]

154 513 294 589 serunt,
310 515 348 571 et
365 499 402 572 in
421 499 524 574 brevi
541 515 679 599 puncto
697 500 884 600 temporali
902 501 1076 579 felicitate
1092 504 1228 578 (00010

153 618 338 692 coelestem
355 642 527 717 sponsum
544 617 787 691 offenderunt.

202 738 287 808 Post
303 733 554 808 discessionem
566 734 740 810 Radberti
754 734 843 809 abba
849 737 907 826 tis,
921 738 1101 812 Rodulfus
1115 740 1229 813 Mala-

154 849 297 926 Corona
321 849 516 922 avunculus
538 853 613 949 ejus
630 849 753 924 videns
771 850 934 924 acerbam
950 852 1228 928 tribulationem

157 971 194 1041 in
222 982 388 1067 parentes
418 993 500 1039 suos
528 968 685 1067 graviter
714 968 867 1057 saerire,
906 984 943 1041 et
971 984 1168 1044 extraneos
1194 972 1228 1043 in

155 1085 316 1159 Uticensi
342 1084 473 1173 domo,
498 1111 607 1185 quam
631 1085 726 1184 ipse,
746 1084 945 1185 fratresque
965 1087 1018 1156 sui
1044 1087 1127 1161 Deo
1147 1113 1230 1161 oon·

156 1216 381 1292 struxerant,
407 1202 695 1276 dominationem
718 1227 906 1289 exercere,
937 1202 1064 1276 relicta
1094 1204 1230 1304 capella

156 1321 269 1396 sancti
300 1318 466 1408 Ehrulfi,
500 1317 563 1392 ubi
593 1346 699 1420 supra
728 1319 884 1393 diximus
911 1346 995 1393 eum
1022 1319 1229 1411 habitasse,

157 1437 585 1536 Majm·Monasterium,
613 1436 651 1509 in
672 1462 746 1537 quo
770 1436 1010 1509 monachilem
1032 1437 1232 1536 professio·

157 1581 242 1631 nem
258 1554 391 1629 fecerat
402 1608 413 1643 ,
432 1555 602 1653 expetiit;
626 1553 749 1654 ibique
765 1581 840 1628 non
862 1554 979 1627 multo
995 1571 1101 1654 post,
1131 1581 1231 1631 oom-

157 1671 264 1771 pletis
283 1672 320 1744 in
338 1670 466 1745 ordine
483 1672 682 1745 monastico
694 1697 748 1744 vn
769 1673 886 1761 annis,
903 1685 981 1745 001ο
997 1671 1166 1747 calendas
1179 1675 1232 1748 l'e·

160 1788 296 1863 bruarii
311 1790 472 1891 glorioso
488 1790 560 1864 fine
576 1791 726 1891 quievit.

207 1907 271 1982 Vl.
287 1908 355 1982 Per
368 1905 463 1981 idem
478 1920 631 2006 tempus,
646 1905 856 1982 Goisfredus
866 1905 1052 1979 Martellus
1066 1905 1231 2008 1100030-

159 2027 322 2101 vensium
339 2051 458 2100 comes
471 2040 553 2125 post
573 2025 686 2097 multa
700 2025 737 2098 in
753 2022 860 2098 rebus
872 2024 991 2097 saeculi
1007 2023 1119 2098 fortia
1132 2041 1231 2126 gesta

157 2141 252 2216 obiit
266 2147 280 2234 (
288 2143 347 2241 a),
364 2159 401 2216 et
417 2143 501 2243 quia
519 2140 640 2215 liberis
658 2142 791 2230 caruit,
810 2138 1000 2215 Goislredo
1018 2141 1146 2240 nepoti
1165 2167 1231 2216 suo

157 2258 315 2334 Alberici
334 2261 620 2334 Wastinensium
648 2259 789 2332 comitis
815 2258 892 2332 lilio
919 2256 1099 2333 honorem
1123 2283 1231 2330 suum

158 2376 319 2477 reliquit.
344 2376 462 2468 Quem
485 2376 596 2450 Fulco
614 2375 728 2449 frater
749 2379 823 2475 ejus
844 2391 1087 2477 cognomento
1106 2373 1232 2449 Richt-

158 2518 227 2566 nus
243 2506 325 2590 post
340 2491 481 2591 aliquot
498 2508 637 2592 tempus
653 2490 903 2566 fraudulenter
915 2492 1028 2594 cepit,
1044 2491 1232 2592 princips-

160 2623 240 2680 tum
256 2611 330 2707 ejus
345 2608 520 2707 arripuit,
545 2608 733 2708 ipsumque
753 2608 792 2680 in
810 2624 945 2698 castro,
964 2606 1060 2709 quod
1081 2605 1230 2682 Chinou

160 2741 322 2815 vocatur,
340 2752 405 2825 per
421 2726 570 2824 triginta
589 2752 703 2801 annos
721 2727 854 2799 carceri
871 2725 1124 2825 mancipavit(
1148 2724 1179 2822 ).

208 2842 277 2916 His
298 2842 521 2941 temporibus
546 2842 760 2916 Willermus
785 2841 1018 2916 Normanniae
1047 2839 1121 2912 dux
1145 2865 1231 2938 pro·

161 2958 275 3034 bitate
290 2976 327 3033 et
345 2976 520 3059 potestate
538 2959 638 3034 valde
655 2958 853 3047 crescebat,
873 2959 1084 3060 cunctisque
1100 2957 1231 3030 vicinis

161 3079 233 3151 suis
258 3075 479 3150 liberalitate.
494 3094 530 3150 et
554 3076 818 3175 magnificentia
841 3073 1142 3177 supereminebat.
1162 3074 1230 3147 1110

162 3219 370 3295 generosam
381 3191 593 3266 Mathildem
603 3190 768 3264 Balduini
779 3191 879 3265 ducis
888 3189 1229 3287 Flandrensium(3)

196 3438 236 3508 (ι)
246 3433 371 3494 Geoll'roi
385 3433 486 3490 hlartel
499 3443 612 3488 mourut
624 3435 640 3487 l
651 3429 775 3504 l’ubbaye
784 3428 819 3485 de
831 3427 1028 3486 Salat-Nicolas
1038 3427 1192 3501 d'hugem
1202 3426 1229 3482 le

167 3528 197 3591 ll
210 3524 358 3581 novembre
375 3521 451 3578 1060.

198 3619 238 3686 (a)
250 3617 303 3671 Ces
315 3612 389 3670 deux
402 3614 545 3686 seigneurs
554 3610 685 3666 u'etaicnt
698 3609 776 3681 point
788 3606 829 3663 lile
842 3606 1000 3673 tubaria,
1014 3614 1106 3659 comte
1118 3601 1156 3659 de
1170 3603 1227 3658 Ga·

163 3705 258 3771 tinais,
280 3703 349 3758 mais
367 3700 402 3756 de
414 3699 556 3766 Geoffroi‚
574 3709 664 3753 comte
684 3694 719 3750 de
735 3692 971 3751 Chiteaulzndou.
987 3689 1112 3749 Geoll'roi
1130 3689 1231 3746 hlartel

164 3793 226 3849 leur
239 3793 310 3846 avait
323 3792 436 3864 par-tage
450 3806 492 3843 ses
505 3778 581 3843 htats
592 3805 628 3841 au
643 3785 699 3840 lieu
716 3785 752 3839 de
770 3783 808 3839 les
822 3785 917 3839 laisser
929 3803 964 3838 eu
979 3782 1116 3838 totalite'a'r
1131 3779 1226 3845 Palae,

162 3900 270 3939 comme
278 3881 304 3937 le
315 3881 359 3935 dit
372 3889 452 3934 notre
462 3888 571 3933 auteur.
585 3877 659 3932 C'est
671 3876 696 3930 le
705 3879 721 3941 l
730 3875 799 3930 avril
812 3873 877 3949 1067
885 3892 942 3949 que
952 3873 1065 3929 celui-ci
1075 3870 1230 3939 (60011001-

165 3974 316 4042 le-Barbu)
337 3971 380 4027 lut
391 3971 442 4025 tait
456 3969 613 4043 prisonnier
621 3984 672 4040 par
683 3984 732 4021 sou
743 3967 828 4034 lrcre,
841 3961 1152 4039 Foulquesledle'cbiu,
1163 3961 1229 4035 puis

166 4066 303 4123 renleme
317 4065 331 4117 t
345 4062 458 4117 Chinon
472 4058 496 4113 le
510 4069 581 4113 reste
593 4056 629 4112 de
639 4075 681 4112 ses
691 4057 781 4128 jours.

199 4152 238 4228 (b)
251 4153 398 4212 Baudouiu
412 4151 456 4219 V,
468 4159 560 4208 comte
573 4147 610 4204 de
622 4147 751 4205 llandre
